2392 3922
334 174 570 228 EUPORISTON
585 175 843 229 PAENOMENON.
1049 176 1092 241 89

41 339 142 419 aloen,
167 337 307 401 alumen
326 340 470 420 scissum,
488 340 578 399 etiam
596 357 687 419 snpra
705 341 832 420 scriptas
852 341 969 419 species
989 344 1092 421 aequis

41 427 246 509 ponderibus
272 427 502 509 commiscebis,
524 433 555 488 et
576 430 680 489 uteris.

133 516 240 579 aliud.
291 515 386 578 calcis
413 518 497 576 vivae
526 514 587 577 unc
612 515 666 598 lll,
696 518 771 578 nitri
798 515 858 577 unc
884 516 920 576 ll.
965 523 1092 598 utraque

40 614 193 667 teruntur
210 612 340 667 etcum
358 605 492 666 hominis
510 605 597 666 urina
614 607 788 687 miscentur,
807 611 887 666 etex
901 623 936 666 eo
951 608 1091 685 pinguius

41 696 137 757 iacies
161 694 389 755 linimentum.
431 694 510 773 quod
529 712 597 754 cum
615 696 781 775 siccaverit,
802 694 966 755 identidem
988 713 1092 774 super·
1119 710 1132 752 a

40 784 145 865 addes,
171 791 212 845 et
232 782 442 845 eodemmodo
461 782 678 862 perseverando
697 782 815 844 facilius
834 791 1056 844 consumentur.

132 871 326 934 exochadia
350 870 522 950 specialiter
549 878 764 933 consumentur
787 873 839 932 sic.
886 871 1092 933 chalcanthum

42 974 123 1023 teres
154 969 194 1023 et
226 962 305 1022 eius
333 959 490 1039 pulverem
517 978 585 1021 cum
608 959 673 1020 oleo
697 959 777 1020 dulci
804 958 887 1020 molli
910 978 1019 1038 vapore
1043 980 1092 1022 co-

42 1069 132 1133 ques,
163 1057 203 1112 et
234 1049 438 1130 pinguefacto
466 1049 639 1127 frequenter
665 1049 730 1110 loca
756 1054 923 1127 tangantur.
969 1057 1091 1110 namet

43 1140 169 1201 alumen
195 1144 370 1200 umectum
392 1139 425 1197 in
443 1155 511 1198 vase
529 1155 605 1198 novo
625 1144 743 1198 coctum
761 1145 791 1198 et
808 1143 920 1198 tostum
939 1136 1091 1214 pulverem
1106 1153 1132 1193 ιο

44 1230 144 1291 latito.
192 1228 264 1288 boc
292 1225 459 1287 exochadia
481 1233 644 1306 spontanea
666 1227 852 1305 frequentius
872 1225 1053 1286 ceciderunt.

133 1314 389 1378 haemorroides
412 1316 606 1394 inpatientius
628 1320 819 1395 erumpentes
839 1316 882 1374 sic
901 1311 1146 1392 compescere84

45 1406 90 1467 rel
117 1415 317 1485 temperare
346 1405 563 1464 consuevimus.
609 1403 762 1484 butyrum,
794 1421 929 1484 crocum,
962 1421 1092 1484 cerussa,

44 1494 119 1575 mel,
153 1512 200 1555 ex
238 1509 345 1571 aequo
377 1493 476 1552 omnia
508 1492 727 1553 commiscenda
759 1498 829 1552 sunt
856 1499 886 1552 et
913 1493 961 1551 ovi
991 1491 1091 1552 albore

44 1581 262 1663 temperanda
294 1587 327 1640 et
353 1581 541 1660 imponenda.
588 1583 632 1642 sic
659 1587 690 1642 et
716 1580 908 1659 amoglossns
931 1582 1000 1640 trita
1024 1599 1092 1641 cum
1107 1595 1132 1637 ιε

47 1680 133 1734 aceto
159 1672 257 1751 facit,
284 1671 330 1729 sic
354 1676 471 1730 ceterae
495 1671 611 1749 species
635 1672 682 1730 sui
700 1671 810 1730 virtute
830 1668 968 1729 similiter
988 1671 1091 1748 stypti-

121 1849 137 1897 1
161 1838 392 1912 suprascriptas
409 1857 438 1909 r,
458 1845 485 1894 ᾗ
499 1841 527 1896 b:
546 1839 725 1910 supradictas
746 1839 804 1896 aa.
927 1844 942 1892 2
962 1838 1092 1894 comiscis

52 1920 78 1969 ei
96 1916 129 1971 b:
150 1931 214 1969 om.
237 1911 328 1967 rGel.
434 1915 450 1964 3
468 1912 539 1965 Item
558 1910 637 1966 aliud
655 1913 744 1981 r(ltoc
761 1917 793 1966 at
811 1910 870 1965 alia
887 1911 976 1965 motta
993 1913 1026 1964 iae
1043 1911 1092 1964 boc

51 2002 192 2113 itai·-
205 1982 378 2108 m„
396 1981 663 2108 emtam·
681 2001 705 2038 '·
738 1979 1092 2106 dibilitatstiifflls

52 2146 84 2182 ει
96 2144 134 2183 eo
147 2124 305 2196 pinguius
316 2121 474 2192 (pinguiore
487 2126 534 2193 rb)
548 2124 635 2179 facies
648 2123 735 2193 (-cis
746 2125 771 2193 b)
781 2122 960 2177 linimentum
972 2123 1008 2176 rb
1020 2120 1091 2175 θεῑ.;

53 2216 84 2253 ex
103 2216 139 2253 eo
166 2194 336 2268 pinguiore
358 2193 446 2248 facies
465 2194 579 2248 linimus
599 2197 629 2266 (l)
649 2196 684 2250 B.
813 2192 1005 2247 itidentidem
1031 2193 1092 2247 rB:

52 2272 129 2325 idem
149 2268 253 2325 bGel.
350 2265 515 2334 superaddis
534 2267 584 2320 rB
598 2270 674 2336 (-es
693 2267 799 2335 bart).
901 2270 916 2318 6
936 2266 964 2317 et
982 2263 1092 2318 Βθεῑ.ε

52 2358 100 2397 on.
121 2342 173 2397 rb.
270 2337 392 2391 laicalia
409 2338 518 2392 additi>
537 2344 634 2393 contra
652 2338 702 2392 ani
719 2339 789 2393 citio
807 2337 901 2391 omnia
920 2338 984 2404 (per
1001 2351 1094 2390 versas

52 2418 112 2468 202:
132 2411 222 2465 Item
235 2408 340 2461 fimum
354 2406 433 2461 canis
447 2407 543 2462 album
560 2407 660 2462 tritum
673 2409 703 2461 et
716 2407 871 2462 cribratum
886 2450 891 2461 .
904 2449 927 2461 ..
1000 2410 1015 2458 7
1030 2413 1095 2475 post

52 2486 155 2539 addito
181 2495 298 2535 novam
324 2479 400 2532 rubr.
425 2479 471 2533 bic
493 2480 557 2534 add.
578 2481 594 2534 b
615 2477 816 2532 Exochadia
843 2477 891 2530 sic
919 2480 1092 2532 curantur.

54 2552 241 2625 Specialiter
256 2548 434 2603 consimitur
492 2551 541 2605 obi
558 2551 598 2604 cic
612 2556 734 2620 perperat
752 2549 780 2602 B
791 2548 849 2603 eet.
886 2548 1031 2601 Exocadia
1052 2567 1092 2617 sp.

55 2623 277 2680 :onsnmeniur
301 2621 462 2688 (-muntur
481 2621 563 2688 aet),
592 2637 661 2690 qaae
688 2637 739 2675 ota.
762 2637 785 2674 r.
913 2617 953 2672 sic
980 2621 1040 2674 rB:
1070 2619 1094 2672 si

51 2699 141 2753 lael,
271 2689 377 2745 stetis
399 2691 447 2744 rB
458 2691 530 2759 Get,
556 2693 632 2745 teras
652 2692 675 2746 b.
784 2706 887 2758 coques
912 2691 972 2745 bB:
997 2689 1093 2758 coquis

53 2770 138 2824 rGel.
269 2761 462 2830 adigantur
478 2763 538 2816 rB:
565 2764 705 2831 —guntur
725 2761 794 2828 Get,
811 2762 912 2831 tanges
932 2762 954 2816 b.
1061 2766 1094 2812 10

51 2840 235 2894 humectum
254 2831 378 2889 εὐθεῖα
397 2834 528 2886 natatum
546 2834 605 2900 (cic)
625 2835 661 2888 B.
740 2832 771 2884 in
788 2848 839 2886 ras
858 2837 933 2885 novi
951 2850 974 2885 r.
1066 2832 1095 2882 et

49 2929 100 2966 am,
121 2910 189 2966 rB,
298 2908 331 2955 11
350 2902 439 2957 facito
457 2905 485 2958 b:
504 2902 575 2958 facit
592 2904 640 2959 rB
652 2904 711 2959 Gal.
818 2902 872 2957 hoe
890 2903 950 2956 rB:
970 2916 1025 2968 quo
1045 2899 1093 2951 ad·

49 2983 148 3037 bibito
172 2976 288 3035 odel„
386 2981 400 3028 l
425 2974 580 3028 exochadia
600 2975 672 3043 aet,
700 2973 837 3028 exoeadia
858 2973 905 3027 vel
927 2969 1046 3039 ragadia
1065 2970 1093 3037 b;

49 3058 133 3108 taeta
160 3044 317 3106 exoeadia
335 3044 376 3111 Β,
403 3045 523 3115 ragadia
541 3064 563 3100 r.
678 3050 711 3100 12
737 3043 927 3098 hemorroides
949 3059 978 3107 r,
1006 3055 1094 3092 emor-

47 3126 151 3183 midae
173 3121 210 3177 B
221 3118 287 3174 Get.
303 3118 340 3185 (et
356 3116 407 3171 tabi
420 3117 494 3172 rubr.
513 3117 555 3170 De
569 3115 744 3185 emorroidis)
760 3117 784 3171 b.
839 3109 1094 3182 in(m)patientibus

49 3197 181 3256 rbGel.:
209 3207 268 3246 om.
287 3188 326 3242 B.
436 3203 525 3257 comp.
548 3188 595 3241 vel
617 3189 705 3259 temp..
726 3187 774 3241 rB
783 3187 855 3242 Gela
879 3197 976 3263 curare
999 3182 1022 3234 b.

50 3282 83 3328 14
109 3257 345 3325 commiscenda
367 3259 445 3328 (sunt
467 3275 517 3313 om.
538 3259 608 3327 aet.)
627 3265 675 3314 etc.
698 3259 746 3313 rB
758 3258 829 3313 Gela
858 3253 1041 3307 cemscences
1066 3255 1095 3306 et

49 3344 98 3399 «πί
119 3358 148 3396 a,
171 3332 348 3403 temperata
366 3328 510 3399 iponimus
530 3331 553 3384 b.
667 3346 731 3382 cum
746 3327 802 3396 (ori
817 3326 852 3393 a.)
867 3321 1094 3393 r(aoabBGel).

51 3423 84 3471 15
108 3406 313 3478 arnoglossus
335 3401 406 3469 Get,
426 3416 506 3454 -sos
525 3401 564 3455 B:
587 3399 701 3470 —glosa
715 3402 739 3467 b,
758 3395 888 3466 -glossa
901 3412 923 3449 r.
1005 3397 1038 3445 16
1053 3393 1095 3449 fa·
1188 3418 1195 3447 ι

50 3490 89 3543 rit
108 3485 178 3540 rB:
200 3495 259 3534 om,
282 3474 346 3531 θεῖ.
422 3472 514 3544 cetere
530 3472 566 3527 rb
578 3471 650 3527 Get:
669 3486 763 3551 ceresp
777 3469 813 3523 B.
885 3464 990 3520 virtute
1008 3463 1094 3520 simili

63 3563 91 3615 et
100 3556 172 3615 add,
181 3550 263 3618 Gal.)
268 3542 392 3616 stiptice
400 3542 416 3597 b
424 3543 491 3612 θεῑ,,
502 3541 545 3596 sui
553 3541 659 3596 virtute
670 3539 801 3595 similater
810 3539 838 3594 et
847 3535 994 3612 stipticpra
