2392 3922
70 154 136 222 276
403 160 747 215 ΡεΕυυο-τΗΕουοκι

140 331 262 370 vermem
284 315 412 371 invenies
434 317 465 370 in
484 317 574 373 cicere
596 317 695 388 viridi,
718 334 803 387 qnam
824 318 904 373 tollis
928 321 959 374 et
979 319 1010 373 in
1029 335 1072 374 vas

69 394 190 449 vitreum
212 394 316 464 mittis,
341 396 472 451 similiter
494 400 524 452 et
546 397 670 453 farimm
690 400 721 453 et
742 398 854 467 aliquot
871 415 964 469 grana
985 398 1074 475 ciceris

69 472 177 542 viridis,
197 477 226 528 et
244 476 388 544 cooperies
407 493 465 531 vas.
494 479 523 531 ct
541 480 607 548 post
625 477 685 533 dies
698 478 777 532 XXX
795 477 907 548 aperies
925 495 978 534 vas
996 482 1025 535 ct
1039 478 1075 533 in·

68 551 164 607 venies
189 552 224 608 de
243 570 337 610 verme
360 573 494 611 muscam.
522 557 710 630 quamjtollis
732 561 762 613 et
784 557 912 613 includis
933 557 966 613 in
988 559 1075 631 lupino

42 646 168 701 laureo,
193 636 222 688 et
240 633 314 704 ligas
332 635 363 689 in
381 635 475 705 capite
493 635 568 705 viro,
591 636 704 692 mulieri
726 637 765 692 ad
786 638 923 692 ventrem.
952 638 1024 694 haec
1039 654 1076 692 res

67 714 179 767 tantam
196 713 332 769 virtutem
350 716 439 771 habat
458 719 489 770 ut
504 715 528 769 si
542 717 596 772 hoc
611 717 649 770 ad
662 733 767 786 aquam
781 719 942 772 currentem
959 716 1076 787 posueris

66 809 131 847 mox
149 794 258 849 statuet
275 810 346 851 eam.
374 797 424 850 sed
443 813 517 850 anno
536 812 592 850 uno
606 798 718 851 tanturn
730 795 819 865 valet,
838 795 897 851 alio
916 813 993 852 anno
1006 813 1076 853 reno·

66 871 147 926 rabis
166 890 226 928 rem
245 875 280 928 de
300 875 357 931 alio
375 892 478 930 verme.
506 876 560 930 hcc
579 878 609 931 et
627 877 664 930 ad
686 875 814 930 mulieris
832 875 1006 946 profluvium
1022 893 1077 947 pro-

66 952 137 1006 dest.

27 1045 53 1084 ro
138 1031 207 1086 item
227 1033 251 1087 si
274 1035 309 1088 de
333 1035 432 1089 dextra
454 1038 536 1104 parte
555 1033 709 1090 cucurrerit
727 1031 857 1104 sanguis,
887 1033 919 1088 in
942 1035 1078 1090 sinistram

68 1109 139 1165 dicis
159 1111 272 1182 Surgur.

138 1191 208 1247 item
228 1193 327 1247 scribis
347 1193 381 1248 de
401 1194 538 1264 sanguine
557 1194 617 1249 eius
641 1193 671 1247 in
688 1193 782 1248 fronte
802 1192 896 1262 ipsius
915 1210 982 1248 cum
999 1209 1077 1264 grano

66 1270 139 1325 turis
158 1289 260 1327 nomen
279 1273 339 1327 eius
357 1273 477 1328 inversis
496 1274 609 1343 litteris,
628 1277 656 1328 et
674 1290 740 1327 mox
759 1272 856 1328 stabit.

139 1352 265 1422 gallinae
284 1369 357 1420 quae
370 1353 464 1422 pullos
479 1353 599 1408 exclusit
617 1355 706 1408 testas
721 1368 838 1407 ovorum
851 1351 958 1408 leviter
970 1356 1077 1419 testato,

27 1430 152 1507 ic'terito
172 1436 201 1487 et
219 1432 384 1487 tenuissime
403 1432 559 1488 cribellatc.
583 1432 672 1502 ipsius
690 1432 837 1502 pulverem
859 1447 912 1500 per
935 1433 1078 1487 cannulam

65 1509 219 1567 insufflatu
240 1529 306 1566 mox
325 1511 421 1566 stabit.

138 1591 208 1645 item
227 1590 349 1660 corrigia
368 1590 471 1645 canina
490 1591 521 1645 in
539 1592 612 1647 collo
631 1591 723 1662 ligata
740 1589 844 1644 mirum
862 1593 916 1645 est.

137 1671 169 1726 iu
186 1671 243 1725 tria
262 1670 332 1724 folia
352 1670 426 1724 lauri
446 1670 545 1724 scribis
565 1672 600 1726 de
624 1670 761 1741 sanguine
780 1669 870 1739 ipsius
889 1670 1013 1726 Tantalo
1031 1671 1078 1741 pic.

67 1750 117 1805 Pie
136 1750 254 1820 tantalo,
273 1749 393 1804 Tantale
412 1750 468 1819 pie,
494 1753 523 1804 et
542 1751 576 1804 de
596 1766 662 1804 suco
681 1749 758 1818 porri
775 1748 897 1818 virginis
915 1749 999 1806 lavas
1017 1749 1078 1806 folia

26 1842 53 1882 ao
66 1829 139 1900 ipsa,
159 1833 188 1885 et
206 1830 257 1883 das
276 1829 303 1883 ei
320 1829 427 1886 bibare.

138 1909 208 1965 item
230 1909 260 1963 in
284 1909 396 1963 chartas
421 1911 459 1963 ad
485 1925 581 1963 aurem
604 1908 693 1976 ipsius
717 1907 851 1977 Sanguis,
879 1907 1006 1979 imperat
1031 1907 1079 1965 tibi

67 1988 233 2059 Apuleius
253 1989 447 2043 madaurensis
466 1992 498 2043 ut
516 2005 612 2042 cursus
630 1990 696 2041 tuus
716 1990 780 2041 stet.

137 2067 207 2122 item
226 2071 360 2137 utsupra
379 2071 416 2122 ad
435 2085 531 2123 aurem
550 2067 620 2122 dicis
639 2066 699 2122 Fir.
718 2067 763 2120 fix.
782 2067 866 2122 fixon.

138 2166 206 2203 nam
225 2151 254 2203 et
272 2148 353 2203 fimus
371 2149 499 2203 asininus
518 2148 603 2201 tritus
623 2142 686 2201 curn
700 2146 838 2217 sanguine
851 2147 978 2203 homimis
997 2149 1081 2220 ipsius

25 2236 52 2278 25
67 2227 98 2281 in
112 2227 247 2282 mortario
260 2231 289 2282 et
302 2228 388 2283 fronti
408 2245 472 2281 curn
485 2227 665 2281 hemicraniis
680 2226 802 2280 illinitus
817 2226 987 2296 sanguinem
1002 2227 1082 2292 sistit,

69 2307 218 2363 candelam
236 2307 314 2361 tollis
333 2310 363 2362 et
380 2310 513 2362 naturam
526 2306 581 2362 viri
599 2306 712 2376 ligabis,
731 2305 845 2360 mulieri
864 2306 1033 2375 capitellum
1051 2308 1083 2360 (le

69 2386 163 2442 titina.
192 2387 279 2456 lappa
302 2387 390 2457 capiti
413 2386 588 2441 circumdata
614 2386 717 2440 mirum
744 2389 794 2441 est.
823 2389 888 2440 ruta
916 2404 983 2443 cum
1005 2390 1084 2444 aceto

67 2465 138 2521 trita
161 2469 190 2522 et
213 2466 281 2521 lama
310 2466 446 2521 obvoluta
476 2465 591 2519 naribus
619 2465 726 2520 inserta
754 2465 921 2535 sanguinem
948 2468 1083 2538 reprimit.

68 2549 150 2618 rutae
179 2563 274 2602 semen
301 2546 401 2600 tritum
428 2545 543 2599 naribus
572 2544 747 2614 applicatum
773 2545 897 2616 prodest.
935 2547 1085 2617 coagulum

28 2634 54 2674 30
69 2625 205 2695 agninum
228 2642 263 2680 ex
287 2643 361 2695 aqua
386 2625 510 2679 solutum
533 2624 621 2678 fronti
643 2624 757 2680 illinito.
795 2624 862 2678 lana
885 2624 986 2680 sucida
1004 2642 1084 2681 aures

69 2704 129 2759 eius
148 2704 298 2759 inculcato.
336 2704 446 2760 cocleas
464 2704 548 2760 tritas
567 2704 654 2758 fronti
672 2704 786 2759 illinito.
824 2703 855 2757 in
873 2703 975 2758 charta
995 2704 1084 2758 scribe

69 2786 211 2842 MathlN.
232 2786 384 2839 Mathlal.
406 2786 549 2840 llathlN.

138 2867 245 2919 cretam
262 2864 454 2934 argentariam
473 2882 536 2919 cum
555 2864 629 2918 aceti
650 2863 789 2918 cocleario
806 2862 906 2918 tritam
925 2866 954 2918 et
972 2864 1081 2918 modico

69 2960 160 3013 aquae
177 2943 259 3014 potui
278 2944 354 3013 dato,
374 2947 403 2998 et
421 2945 504 3013 quasi
522 2943 725 3013 sanguinem
743 2945 863 2998 vomet.

141 3093 155 3140 1
175 3085 234 3140 eice
253 3087 276 3140 b.
369 3089 384 3136 7
403 3086 566 3140 renovabis:
585 3083 741 3138 removebis
761 3085 784 3138 b.
890 3090 922 3137 12
942 3085 977 3153 cf.
997 3087 1082 3142 simile

69 3159 138 3226 quid
160 3159 193 3212 io
211 3156 333 3228 physicis
355 3157 507 3210 subiunctis
528 3157 578 3209 Th.
603 3155 690 3209 Prisc.
714 3154 804 3208 Brux.
821 3155 915 3220 (lIV)
931 3161 1028 3223 129011
1045 3156 1084 3210 ed.

70 3229 139 3299 Arg.
231 3233 264 3280 13
282 3241 385 3280 nomen
404 3225 477 3280 eius:
496 3231 535 3277 n‘n
554 3225 598 3279 etl
614 3226 676 3290 (sic)
692 3225 715 3279 b.
798 3229 831 3278 14
849 3226 869 3278 t.
890 3240 1007 3278 ovorum
1026 3226 1084 3280 eius

71 3301 135 3365 (sic)
155 3300 179 3354 b.
254 3302 288 3352 18
307 3299 339 3353 dc
361 3297 478 3351 Tantalo
497 3296 532 3361 cf.
551 3295 677 3349 Antidot.
697 3311 752 3348 exc.
772 3294 850 3348 Leuc.
871 3296 939 3361 (coel.
960 3296 1084 3365 Apulei.)

70 3371 127 3424 185
146 3370 199 3436 (ecl.
220 3369 473 3432 Pieclsottc1887).
547 3371 578 3417 21
600 3367 681 3418 aures
700 3366 723 3419 b.
796 3371 830 3418 22
849 3364 1043 3420 madaurensis
1062 3369 1086 3421 b.

70 3444 104 3494 23
114 3439 191 3493 finon
202 3443 305 3511 (accip.
318 3440 369 3495 litt.
379 3439 441 3506 ult.)
454 3438 477 3492 b.
525 3440 558 3488 25
569 3433 737 3504 emigraneis
747 3437 848 3504 (-nis)
860 3437 882 3490 b.
938 3441 972 3491 27
982 3438 1051 3506 lapa
1061 3438 1088 3493 b:

74 3532 106 3583 31
124 3527 256 3606 incucato
275 3531 299 3584 b.
364 3533 398 3581 ⁸3
417 3542 482 3581 cum
499 3525 580 3590 aceto
599 3523 721 3578 coclaria
740 3523 810 3578 trita
828 3526 857 3577 et
874 3523 984 3577 modice
1003 3513 1047 3590 ais
1059 3527 1082 3580 b.
