<?xml version="1.0" encoding="UTF-8"?>
<!DOCTYPE html PUBLIC "-//W3C//DTD XHTML 1.0 Transitional//EN"
    "http://www.w3.org/TR/xhtml1/DTD/xhtml1-transitional.dtd">
<html xmlns="http://www.w3.org/1999/xhtml" xml:lang="en" lang="en">
 <head>
  <title>
</title>
<meta http-equiv="Content-Type" content="text/html;charset=utf-8" />
  <meta name='ocr-system' content='tesseract 3.04.00' />
  <meta name='ocr-capabilities' content='ocr_page ocr_carea ocr_par ocr_line ocrx_word'/>
</head>
<body>
  <div class='ocr_page' id='page_1' title='image "./euporistonlibri00rosegoog_0013.png"; bbox 0 0 2392 3922; ppageno 0'>
   <div class='ocr_carea' id='block_1_1' title="bbox 85 181 152 236">
    <p class='ocr_par' dir='ltr' id='par_1_1' title="bbox 85 181 152 236">
     <span class='ocr_line' id='line_1_1' title="bbox 85 181 152 236; baseline -0.015 0"><span class='ocrx_word' id='word_1_1' title='bbox 85 181 152 236; x_wconf 78' lang='lat' dir='ltr'>Vni</span> 
     </span>
    </p>
   </div>
   <div class='ocr_carea' id='block_1_2' title="bbox 17 348 1107 3622">
    <p class='ocr_par' dir='ltr' id='par_1_2' title="bbox 87 348 1098 515">
     <span class='ocr_line' id='line_1_2' title="bbox 89 348 1098 428; baseline 0.002 -19"><span class='ocrx_word' id='word_1_2' title='bbox 89 352 205 428; x_wconf 83' lang='lat' dir='ltr'>spirans</span> <span class='ocrx_word' id='word_1_3' title='bbox 229 348 449 410; x_wconf 82' lang='lat' dir='ltr'>cum-editione</span> <span class='ocrx_word' id='word_1_4' title='bbox 469 348 607 427; x_wconf 87' lang='lat' dir='ltr'>secunda,</span> <span class='ocrx_word' id='word_1_5' title='bbox 629 349 689 408; x_wconf 85' lang='lat' dir='ltr'>nisi</span> <span class='ocrx_word' id='word_1_6' title='bbox 708 366 766 425; x_wconf 92' lang='lat' dir='ltr'>quo</span> <span class='ocrx_word' id='word_1_7' title='bbox 790 350 854 407; x_wconf 90' lang='lat' dir='ltr'>eius</span> <span class='ocrx_word' id='word_1_8' title='bbox 877 351 942 427; x_wconf 91' lang='lat' dir='ltr'>ipso</span> <span class='ocrx_word' id='word_1_9' title='bbox 964 351 1015 428; x_wconf 93' lang='lat' dir='ltr'>qui</span> <span class='ocrx_word' id='word_1_10' title='bbox 1034 370 1098 411; x_wconf 91' lang='lat' dir='ltr'>eam</span> 
     </span>
     <span class='ocr_line' id='line_1_3' title="bbox 87 435 885 515; baseline -0.004 -16"><span class='ocrx_word' id='word_1_11' title='bbox 87 441 119 498; x_wconf 88' lang='lat' dir='ltr'>in</span> <span class='ocrx_word' id='word_1_12' title='bbox 141 437 255 498; x_wconf 86' lang='lat' dir='ltr'>hancl</span> <span class='ocrx_word' id='word_1_13' title='bbox 254 455 366 497; x_wconf 92' lang='lat' dir='ltr'>ormam</span> <span class='ocrx_word' id='word_1_14' title='bbox 389 436 504 515; x_wconf 82' lang='lat' dir='ltr'>redegit</span> <span class='ocrx_word' id='word_1_15' title='bbox 527 435 651 496; x_wconf 93' lang='lat' dir='ltr'>consilio</span> <span class='ocrx_word' id='word_1_16' title='bbox 674 454 754 497; x_wconf 90' lang='lat' dir='ltr'>nunc</span> <span class='ocrx_word' id='word_1_17' title='bbox 777 436 885 497; x_wconf 87' lang='lat' dir='ltr'>deficit</span> 
     </span>
    </p>

    <p class='ocr_par' dir='ltr' id='par_1_3' title="bbox 17 515 1107 3272">
     <span class='ocr_line' id='line_1_4' title="bbox 176 515 1099 605; baseline 0.002 -19"><span class='ocrx_word' id='word_1_18' title='bbox 176 526 213 586; x_wconf 80' lang='lat' dir='ltr'>At</span> <span class='ocrx_word' id='word_1_19' title='bbox 241 525 422 604; x_wconf 79' lang='lat' dir='ltr'>sigismundi</span> <span class='ocrx_word' id='word_1_20' title='bbox 455 515 597 586; x_wconf 86' lang='lat' dir='ltr'>Gelenii</span> <span class='ocrx_word' id='word_1_21' title='bbox 626 525 744 586; x_wconf 91' lang='lat' dir='ltr'>codices</span> <span class='ocrx_word' id='word_1_22' title='bbox 772 526 918 605; x_wconf 92' lang='lat' dir='ltr'>quibus&#39;</span> <span class='ocrx_word' id='word_1_23' title='bbox 910 545 942 586; x_wconf 93' lang='lat' dir='ltr'>1n</span> <span class='ocrx_word' id='word_1_24' title='bbox 969 527 1099 588; x_wconf 90' lang='lat' dir='ltr'>editione</span> 
     </span>
     <span class='ocr_line' id='line_1_5' title="bbox 87 613 1099 694; baseline 0 -18"><span class='ocrx_word' id='word_1_25' title='bbox 87 634 161 676; x_wconf 91' lang='lat' dir='ltr'>usus</span> <span class='ocrx_word' id='word_1_26' title='bbox 184 622 230 676; x_wconf 90' lang='lat' dir='ltr'>est</span> <span class='ocrx_word' id='word_1_27' title='bbox 252 634 331 676; x_wconf 92' lang='lat' dir='ltr'>nunc</span> <span class='ocrx_word' id='word_1_28' title='bbox 354 613 470 693; x_wconf 91' lang='lat' dir='ltr'>perditi·</span> <span class='ocrx_word' id='word_1_29' title='bbox 487 621 556 675; x_wconf 91' lang='lat' dir='ltr'>sunt</span> <span class='ocrx_word' id='word_1_30' title='bbox 579 632 690 675; x_wconf 90' lang='lat' dir='ltr'>omnes.</span> <span class='ocrx_word' id='word_1_31' title='bbox 719 615 771 692; x_wconf 93' lang='lat' dir='ltr'>qui</span> <span class='ocrx_word' id='word_1_32' title='bbox 798 615 835 675; x_wconf 93' lang='lat' dir='ltr'>de</span> <span class='ocrx_word' id='word_1_33' title='bbox 864 634 953 694; x_wconf 88' lang='lat' dir='ltr'>opere</span> <span class='ocrx_word' id='word_1_34' title='bbox 982 635 1035 676; x_wconf 90' lang='lat' dir='ltr'>suo</span> <span class='ocrx_word' id='word_1_35' title='bbox 1059 620 1099 676; x_wconf 89' lang='lat' dir='ltr'>ait</span> 
     </span>
     <span class='ocr_line' id='line_1_6' title="bbox 82 703 1099 786; baseline 0.002 -22.012"><span class='ocrx_word' id='word_1_36' title='bbox 82 705 119 764; x_wconf 90' lang='lat' dir='ltr'>in</span> <span class='ocrx_word' id='word_1_37' title='bbox 151 705 333 783; x_wconf 79' lang='lat' dir='ltr'>praefatione</span> <span class='ocrx_word' id='word_1_38' title='bbox 364 703 462 786; x_wconf 90' lang='lat' dir='ltr'>„quod</span> <span class='ocrx_word' id='word_1_39' title='bbox 490 722 527 764; x_wconf 82' lang='lat' dir='ltr'>ex</span> <span class='ocrx_word' id='word_1_40' title='bbox 560 711 687 782; x_wconf 90' lang='lat' dir='ltr'>quatuor</span> <span class='ocrx_word' id='word_1_41' title='bbox 714 703 968 782; x_wconf 82' lang='lat' dir='ltr'>exemplaribus&#39;</span> <span class='ocrx_word' id='word_1_42' title='bbox 960 722 1019 765; x_wconf 87' lang='lat' dir='ltr'>ram</span> <span class='ocrx_word' id='word_1_43' title='bbox 1050 707 1099 766; x_wconf 89' lang='lat' dir='ltr'>hio</span> 
     </span>
     <span class='ocr_line' id='line_1_7' title="bbox 88 791 1100 875; baseline 0 -21"><span class='ocrx_word' id='word_1_44' title='bbox 88 796 147 854; x_wconf 93' lang='lat' dir='ltr'>iam</span> <span class='ocrx_word' id='word_1_45' title='bbox 169 793 230 854; x_wconf 90' lang='lat' dir='ltr'>illie</span> <span class='ocrx_word' id='word_1_46' title='bbox 253 800 318 853; x_wconf 92' lang='lat' dir='ltr'>mut</span> <span class='ocrx_word' id='word_1_47' title='bbox 305 792 376 874; x_wconf 80' lang='lat' dir='ltr'>tilis,</span> <span class='ocrx_word' id='word_1_48' title='bbox 405 792 593 853; x_wconf 85' lang='lat' dir='ltr'>membratim</span> <span class='ocrx_word' id='word_1_49' title='bbox 621 793 684 853; x_wconf 77' lang='lat' dir='ltr'>lere</span> <span class='ocrx_word' id='word_1_50' title='bbox 712 810 767 852; x_wconf 93' lang='lat' dir='ltr'>ceu</span> <span class='ocrx_word' id='word_1_51' title='bbox 794 791 945 873; x_wconf 85' lang='lat' dir='ltr'>Hippolyti</span> <span class='ocrx_word' id='word_1_52' title='bbox 968 794 1100 875; x_wconf 90' lang='lat' dir='ltr'>cadaver,</span> 
     </span>
     <span class='ocr_line' id='line_1_8' title="bbox 87 876 1099 962; baseline 0.001 -20"><span class='ocrx_word' id='word_1_53' title='bbox 87 884 153 962; x_wconf 93' lang='lat' dir='ltr'>pari</span> <span class='ocrx_word' id='word_1_54' title='bbox 172 901 242 943; x_wconf 90' lang='lat' dir='ltr'>cura</span> <span class='ocrx_word' id='word_1_55' title='bbox 261 900 295 942; x_wconf 90' lang='lat' dir='ltr'>ac</span> <span class='ocrx_word' id='word_1_56' title='bbox 313 881 413 942; x_wconf 89' lang='lat' dir='ltr'>labore</span> <span class='ocrx_word' id='word_1_57' title='bbox 433 889 502 942; x_wconf 91' lang='lat' dir='ltr'>cont</span> <span class='ocrx_word' id='word_1_58' title='bbox 489 876 628 942; x_wconf 84' lang='lat' dir='ltr'>tuli“.t</span> <span class='ocrx_word' id='word_1_59' title='bbox 599 888 628 941; x_wconf 93' lang='lat' dir='ltr'>et</span> <span class='ocrx_word' id='word_1_60' title='bbox 646 883 709 940; x_wconf 86' lang='lat' dir='ltr'>veri</span> <span class='ocrx_word' id='word_1_61' title='bbox 728 880 823 941; x_wconf 91' lang='lat' dir='ltr'>simile</span> <span class='ocrx_word' id='word_1_62' title='bbox 844 900 913 942; x_wconf 90' lang='lat' dir='ltr'>sane</span> <span class='ocrx_word' id='word_1_63' title='bbox 934 890 979 942; x_wconf 93' lang='lat' dir='ltr'>est</span> <span class='ocrx_word' id='word_1_64' title='bbox 997 883 1099 962; x_wconf 90' lang='lat' dir='ltr'>plures</span> 
     </span>
     <span class='ocr_line' id='line_1_9' title="bbox 89 963 1100 1054; baseline 0.001 -23"><span class='ocrx_word' id='word_1_65' title='bbox 89 991 157 1035; x_wconf 89' lang='lat' dir='ltr'>eum</span> <span class='ocrx_word' id='word_1_66' title='bbox 181 965 226 1054; x_wconf 86' lang='lat' dir='ltr'>(et</span> <span class='ocrx_word' id='word_1_67' title='bbox 253 970 299 1031; x_wconf 91' lang='lat' dir='ltr'>vel</span> <span class='ocrx_word' id='word_1_68' title='bbox 320 963 397 1054; x_wconf 93' lang='lat' dir='ltr'>tres)</span> <span class='ocrx_word' id='word_1_69' title='bbox 427 971 566 1031; x_wconf 89' lang='lat' dir='ltr'>habuisse</span> <span class='ocrx_word' id='word_1_70' title='bbox 599 971 807 1050; x_wconf 79' lang='lat' dir='ltr'>gynaeciorum</span> <span class='ocrx_word' id='word_1_71' title='bbox 839 971 970 1052; x_wconf 89' lang='lat' dir='ltr'>codices,</span> <span class='ocrx_word' id='word_1_72' title='bbox 998 972 1100 1051; x_wconf 87' lang='lat' dir='ltr'>quales</span> 
     </span>
     <span class='ocr_line' id='line_1_10' title="bbox 87 1059 1100 1140; baseline 0.001 -21"><span class='ocrx_word' id='word_1_73' title='bbox 87 1060 210 1140; x_wconf 91' lang='lat' dir='ltr'>plurimi</span> <span class='ocrx_word' id='word_1_74' title='bbox 224 1061 312 1120; x_wconf 88' lang='lat' dir='ltr'>etiam</span> <span class='ocrx_word' id='word_1_75' title='bbox 331 1078 410 1120; x_wconf 89' lang='lat' dir='ltr'>nuno</span> <span class='ocrx_word' id='word_1_76' title='bbox 424 1067 454 1120; x_wconf 92' lang='lat' dir='ltr'>et</span> <span class='ocrx_word' id='word_1_77' title='bbox 468 1061 595 1138; x_wconf 90' lang='lat' dir='ltr'>separati</span> <span class='ocrx_word' id='word_1_78' title='bbox 614 1059 759 1140; x_wconf 89' lang='lat' dir='ltr'>feruntur,</span> <span class='ocrx_word' id='word_1_79' title='bbox 775 1059 873 1119; x_wconf 92' lang='lat' dir='ltr'>medio</span> <span class='ocrx_word' id='word_1_80' title='bbox 893 1078 963 1120; x_wconf 89' lang='lat' dir='ltr'>aevo</span> <span class='ocrx_word' id='word_1_81' title='bbox 983 1063 1100 1121; x_wconf 90' lang='lat' dir='ltr'>curiose</span> 
     </span>
     <span class='ocr_line' id='line_1_11' title="bbox 88 1147 1100 1231; baseline 0 -23"><span class='ocrx_word' id='word_1_82' title='bbox 88 1149 213 1210; x_wconf 89' lang='lat' dir='ltr'>lectitati</span> <span class='ocrx_word' id='word_1_83' title='bbox 231 1155 261 1209; x_wconf 91' lang='lat' dir='ltr'>et</span> <span class='ocrx_word' id='word_1_84' title='bbox 278 1148 345 1227; x_wconf 90' lang='lat' dir='ltr'>plus</span> <span class='ocrx_word' id='word_1_85' title='bbox 364 1147 488 1228; x_wconf 91' lang='lat' dir='ltr'>reliquis</span> <span class='ocrx_word' id='word_1_86' title='bbox 507 1149 649 1208; x_wconf 87' lang='lat' dir='ltr'>duraturi.</span> <span class='ocrx_word' id='word_1_87' title='bbox 670 1154 757 1227; x_wconf 91' lang='lat' dir='ltr'>atque</span> <span class='ocrx_word' id='word_1_88' title='bbox 777 1157 929 1227; x_wconf 90' lang='lat' dir='ltr'>separatus</span> <span class='ocrx_word' id='word_1_89' title='bbox 948 1151 992 1231; x_wconf 78' lang='lat' dir='ltr'>sic</span> <span class='ocrx_word' id='word_1_90' title='bbox 1011 1152 1100 1209; x_wconf 90' lang='lat' dir='ltr'>etiam</span> 
     </span>
     <span class='ocr_line' id='line_1_12' title="bbox 89 1236 1101 1318; baseline -0.001 -19"><span class='ocrx_word' id='word_1_91' title='bbox 89 1245 169 1299; x_wconf 83' lang='lat' dir='ltr'>extat</span> <span class='ocrx_word' id='word_1_92' title='bbox 187 1237 256 1298; x_wconf 90' lang='lat' dir='ltr'>libri</span> <span class='ocrx_word' id='word_1_93' title='bbox 273 1237 397 1299; x_wconf 87' lang='lat' dir='ltr'>secundi</span> <span class='ocrx_word' id='word_1_94' title='bbox 415 1255 483 1297; x_wconf 91' lang='lat' dir='ltr'>cum</span> <span class='ocrx_word' id='word_1_95' title='bbox 500 1239 589 1297; x_wconf 90' lang='lat' dir='ltr'>tertio</span> <span class='ocrx_word' id='word_1_96' title='bbox 609 1236 704 1318; x_wconf 76' lang='lat' dir='ltr'>codes</span> <span class='ocrx_word' id='word_1_97' title='bbox 720 1256 799 1297; x_wconf 90' lang='lat' dir='ltr'>unus</span> <span class='ocrx_word' id='word_1_98' title='bbox 812 1237 978 1298; x_wconf 84' lang='lat' dir='ltr'>Vaticanus</span> <span class='ocrx_word' id='word_1_99' title='bbox 1001 1246 1101 1298; x_wconf 89' lang='lat' dir='ltr'>tamen</span> 
     </span>
     <span class='ocr_line' id='line_1_13' title="bbox 89 1325 1101 1406; baseline -0.001 -18"><span class='ocrx_word' id='word_1_100' title='bbox 89 1332 186 1406; x_wconf 85' lang='lat' dir='ltr'>neque</span> <span class='ocrx_word' id='word_1_101' title='bbox 205 1325 354 1405; x_wconf 80' lang='lat' dir='ltr'>duplicem</span> <span class='ocrx_word' id='word_1_102' title='bbox 373 1325 512 1386; x_wconf 88' lang='lat' dir='ltr'>Gelenius</span> <span class='ocrx_word' id='word_1_103' title='bbox 531 1326 658 1386; x_wconf 89' lang='lat' dir='ltr'>duorum</span> <span class='ocrx_word' id='word_1_104' title='bbox 679 1325 823 1386; x_wconf 90' lang='lat' dir='ltr'>librorum</span> <span class='ocrx_word' id='word_1_105' title='bbox 847 1326 980 1393; x_wconf 83' lang='lat' dir='ltr'>codicem</span> <span class='ocrx_word' id='word_1_106' title='bbox 997 1326 1101 1388; x_wconf 90' lang='lat' dir='ltr'>habuit</span> 
     </span>
     <span class='ocr_line' id='line_1_14' title="bbox 88 1413 1100 1494; baseline -0.002 -17"><span class='ocrx_word' id='word_1_107' title='bbox 88 1435 186 1494; x_wconf 91' lang='lat' dir='ltr'>neque</span> <span class='ocrx_word' id='word_1_108' title='bbox 209 1417 366 1493; x_wconf 90' lang='lat' dir='ltr'>utriusque</span> <span class='ocrx_word' id='word_1_109' title='bbox 390 1413 459 1473; x_wconf 91' lang='lat' dir='ltr'>libri</span> <span class='ocrx_word' id='word_1_110' title='bbox 482 1413 647 1492; x_wconf 84' lang='lat' dir='ltr'>singulares</span> <span class='ocrx_word' id='word_1_111' title='bbox 669 1421 788 1493; x_wconf 92' lang='lat' dir='ltr'>praesto</span> <span class='ocrx_word' id='word_1_112' title='bbox 812 1415 940 1476; x_wconf 85' lang='lat' dir='ltr'>luerunt.</span> <span class='ocrx_word' id='word_1_113' title='bbox 968 1417 998 1475; x_wconf 93' lang='lat' dir='ltr'>id</span> <span class='ocrx_word' id='word_1_114' title='bbox 1023 1417 1100 1494; x_wconf 91' lang='lat' dir='ltr'>quod</span> 
     </span>
     <span class='ocr_line' id='line_1_15' title="bbox 17 1503 1102 1582; baseline -0.002 -16"><span class='ocrx_word' id='word_1_115' title='bbox 17 1538 22 1549; x_wconf 48' lang='grc' dir='ltr'>ι</span> <span class='ocrx_word' id='word_1_116' title='bbox 89 1504 175 1566; x_wconf 83' lang='lat' dir='ltr'>facile</span> <span class='ocrx_word' id='word_1_117' title='bbox 203 1503 393 1582; x_wconf 88' lang='lat' dir='ltr'>intellegitur.</span> <span class='ocrx_word' id='word_1_118' title='bbox 421 1503 512 1563; x_wconf 89' lang='lat' dir='ltr'>multa</span> <span class='ocrx_word' id='word_1_119' title='bbox 541 1504 620 1563; x_wconf 89' lang='lat' dir='ltr'>enim</span> <span class='ocrx_word' id='word_1_120' title='bbox 645 1505 686 1563; x_wconf 91' lang='lat' dir='ltr'>in.</span> <span class='ocrx_word' id='word_1_121' title='bbox 704 1510 787 1563; x_wconf 83' lang='lat' dir='ltr'>textu</span> <span class='ocrx_word' id='word_1_122' title='bbox 815 1511 845 1563; x_wconf 94' lang='lat' dir='ltr'>et</span> <span class='ocrx_word' id='word_1_123' title='bbox 871 1507 962 1582; x_wconf 90' lang='lat' dir='ltr'>primi</span> <span class='ocrx_word' id='word_1_124' title='bbox 994 1512 1023 1564; x_wconf 93' lang='lat' dir='ltr'>et</span> <span class='ocrx_word' id='word_1_125' title='bbox 1056 1524 1102 1564; x_wconf 91' lang='lat' dir='ltr'>se·</span> 
     </span>
     <span class='ocr_line' id='line_1_16' title="bbox 90 1591 1102 1673; baseline -0.001 -20"><span class='ocrx_word' id='word_1_126' title='bbox 90 1592 180 1671; x_wconf 86' lang='lat' dir='ltr'>cundi</span> <span class='ocrx_word' id='word_1_127' title='bbox 207 1591 285 1672; x_wconf 91' lang='lat' dir='ltr'>apud</span> <span class='ocrx_word' id='word_1_128' title='bbox 308 1610 377 1653; x_wconf 90' lang='lat' dir='ltr'>eum</span> <span class='ocrx_word' id='word_1_129' title='bbox 404 1591 587 1673; x_wconf 74' lang='lat' dir='ltr'>exciderrmt,</span> <span class='ocrx_word' id='word_1_130' title='bbox 616 1610 741 1671; x_wconf 90' lang='lat' dir='ltr'>quorum</span> <span class='ocrx_word' id='word_1_131' title='bbox 768 1594 912 1653; x_wconf 90' lang='lat' dir='ltr'>iacturam</span> <span class='ocrx_word' id='word_1_132' title='bbox 939 1592 1020 1653; x_wconf 92' lang='lat' dir='ltr'>nullo</span> <span class='ocrx_word' id='word_1_133' title='bbox 1044 1593 1102 1652; x_wconf 91' lang='lat' dir='ltr'>alio</span> 
     </span>
     <span class='ocr_line' id='line_1_17' title="bbox 90 1676 1102 1762; baseline -0.001 -20"><span class='ocrx_word' id='word_1_134' title='bbox 90 1682 191 1743; x_wconf 93' lang='lat' dir='ltr'>codice</span> <span class='ocrx_word' id='word_1_135' title='bbox 215 1676 345 1742; x_wconf 85' lang='lat' dir='ltr'>adhibito</span> <span class='ocrx_word' id='word_1_136' title='bbox 375 1683 558 1742; x_wconf 89' lang='lat' dir='ltr'>resarcinare</span> <span class='ocrx_word' id='word_1_137' title='bbox 588 1683 700 1762; x_wconf 91' lang='lat' dir='ltr'>potuit,</span> <span class='ocrx_word' id='word_1_138' title='bbox 727 1682 792 1759; x_wconf 92' lang='lat' dir='ltr'>ipsa</span> <span class='ocrx_word' id='word_1_139' title='bbox 815 1689 913 1741; x_wconf 90' lang='lat' dir='ltr'>autem</span> <span class='ocrx_word' id='word_1_140' title='bbox 938 1683 1030 1760; x_wconf 91' lang='lat' dir='ltr'>spatia</span> <span class='ocrx_word' id='word_1_141' title='bbox 1054 1701 1102 1741; x_wconf 92' lang='lat' dir='ltr'>va-</span> 
     </span>
     <span class='ocr_line' id='line_1_18' title="bbox 90 1769 1102 1849; baseline 0 -18"><span class='ocrx_word' id='word_1_142' title='bbox 90 1790 145 1833; x_wconf 90' lang='lat' dir='ltr'>cua</span> <span class='ocrx_word' id='word_1_143' title='bbox 163 1778 194 1831; x_wconf 90' lang='lat' dir='ltr'>et</span> <span class='ocrx_word' id='word_1_144' title='bbox 215 1773 247 1830; x_wconf 91' lang='lat' dir='ltr'>in</span> <span class='ocrx_word' id='word_1_145' title='bbox 269 1772 365 1848; x_wconf 92' lang='lat' dir='ltr'>primo</span> <span class='ocrx_word' id='word_1_146' title='bbox 389 1769 465 1829; x_wconf 94' lang='lat' dir='ltr'>libro</span> <span class='ocrx_word' id='word_1_147' title='bbox 489 1778 520 1830; x_wconf 90' lang='lat' dir='ltr'>et</span> <span class='ocrx_word' id='word_1_148' title='bbox 541 1772 573 1831; x_wconf 92' lang='lat' dir='ltr'>in</span> <span class='ocrx_word' id='word_1_149' title='bbox 597 1770 736 1843; x_wconf 48' lang='lat' dir='ltr'>secundo,</span> <span class='ocrx_word' id='word_1_150' title='bbox 750 1769 786 1830; x_wconf 92' lang='lat' dir='ltr'>ad</span> <span class='ocrx_word' id='word_1_151' title='bbox 810 1770 994 1849; x_wconf 84' lang='lat' dir='ltr'>aequabilem</span> <span class='ocrx_word' id='word_1_152' title='bbox 1012 1773 1102 1831; x_wconf 90' lang='lat' dir='ltr'>unius</span> 
     </span>
     <span class='ocr_line' id='line_1_19' title="bbox 90 1857 1102 1939; baseline -0.001 -19"><span class='ocrx_word' id='word_1_153' title='bbox 90 1859 282 1939; x_wconf 90' lang='lat' dir='ltr'>eiusdemque</span> <span class='ocrx_word' id='word_1_154' title='bbox 296 1857 360 1918; x_wconf 88' lang='lat' dir='ltr'>folii</span> <span class='ocrx_word' id='word_1_155' title='bbox 372 1857 544 1920; x_wconf 82' lang='lat' dir='ltr'>mensuram</span> <span class='ocrx_word' id='word_1_156' title='bbox 562 1859 751 1937; x_wconf 87' lang='lat' dir='ltr'>respondent.</span> <span class='ocrx_word' id='word_1_157' title='bbox 771 1861 881 1919; x_wconf 92' lang='lat' dir='ltr'>etenim</span> <span class='ocrx_word' id='word_1_158' title='bbox 900 1861 926 1919; x_wconf 92' lang='lat' dir='ltr'>si</span> <span class='ocrx_word' id='word_1_159' title='bbox 945 1859 1023 1937; x_wconf 91' lang='lat' dir='ltr'>quod</span> <span class='ocrx_word' id='word_1_160' title='bbox 1038 1863 1102 1919; x_wconf 89' lang='lat' dir='ltr'>veri</span> 
     </span>
     <span class='ocr_line' id='line_1_20' title="bbox 91 1946 1102 2026; baseline -0.003 -17"><span class='ocrx_word' id='word_1_161' title='bbox 91 1949 187 2010; x_wconf 92' lang='lat' dir='ltr'>simile</span> <span class='ocrx_word' id='word_1_162' title='bbox 202 1966 267 2009; x_wconf 89' lang='lat' dir='ltr'>esse</span> <span class='ocrx_word' id='word_1_163' title='bbox 286 1946 404 2008; x_wconf 88' lang='lat' dir='ltr'>videtur</span> <span class='ocrx_word' id='word_1_164' title='bbox 420 1949 510 2008; x_wconf 90' lang='lat' dir='ltr'>unius</span> <span class='ocrx_word' id='word_1_165' title='bbox 529 1947 592 2007; x_wconf 88' lang='lat' dir='ltr'>folii</span> <span class='ocrx_word' id='word_1_166' title='bbox 610 1948 731 2008; x_wconf 88' lang='lat' dir='ltr'>luerunt</span> <span class='ocrx_word' id='word_1_167' title='bbox 745 1965 778 2007; x_wconf 93' lang='lat' dir='ltr'>ea</span> <span class='ocrx_word' id='word_1_168' title='bbox 792 1947 880 2008; x_wconf 89' lang='lat' dir='ltr'>verba</span> <span class='ocrx_word' id='word_1_169' title='bbox 896 1967 971 2026; x_wconf 91' lang='lat' dir='ltr'>quae</span> <span class='ocrx_word' id='word_1_170' title='bbox 990 1950 1021 2007; x_wconf 91' lang='lat' dir='ltr'>in</span> <span class='ocrx_word' id='word_1_171' title='bbox 1040 1948 1102 2007; x_wconf 93' lang='lat' dir='ltr'>edi-</span> 
     </span>
     <span class='ocr_line' id='line_1_21' title="bbox 90 2030 1101 2120; baseline -0.003 -21"><span class='ocrx_word' id='word_1_172' title='bbox 90 2041 180 2100; x_wconf 91' lang='lat' dir='ltr'>tionis</span> <span class='ocrx_word' id='word_1_173' title='bbox 199 2037 376 2098; x_wconf 89' lang='lat' dir='ltr'>Gelenianae</span> <span class='ocrx_word' id='word_1_174' title='bbox 399 2036 475 2096; x_wconf 93' lang='lat' dir='ltr'>libro</span> <span class='ocrx_word' id='word_1_175' title='bbox 493 2036 507 2096; x_wconf 92' lang='lat' dir='ltr'>l</span> <span class='ocrx_word' id='word_1_176' title='bbox 526 2055 542 2096; x_wconf 91' lang='lat' dir='ltr'>a</span> <span class='ocrx_word' id='word_1_177' title='bbox 562 2055 614 2096; x_wconf 91' lang='lat' dir='ltr'>suo</span> <span class='ocrx_word' id='word_1_178' title='bbox 635 2030 676 2119; x_wconf 88' lang='lat' dir='ltr'>(p.</span> <span class='ocrx_word' id='word_1_179' title='bbox 692 2030 750 2120; x_wconf 80' lang='lat'>26)</span> <span class='ocrx_word' id='word_1_180' title='bbox 775 2034 896 2115; x_wconf 91' lang='lat' dir='ltr'>capituli</span> <span class='ocrx_word' id='word_1_181' title='bbox 910 2037 946 2096; x_wconf 93' lang='lat' dir='ltr'>de</span> <span class='ocrx_word' id='word_1_182' title='bbox 966 2036 1050 2096; x_wconf 89' lang='lat' dir='ltr'>oculo</span> <span class='ocrx_word' id='word_1_183' title='bbox 1071 2039 1101 2096; x_wconf 92' lang='lat' dir='ltr'>in</span> 
     </span>
     <span class='ocr_line' id='line_1_22' title="bbox 90 2121 1101 2205; baseline -0.006 -17"><span class='ocrx_word' id='word_1_184' title='bbox 90 2128 219 2188; x_wconf 89' lang='lat' dir='ltr'>alienum</span> <span class='ocrx_word' id='word_1_185' title='bbox 237 2126 336 2187; x_wconf 91' lang='lat' dir='ltr'>locum</span> <span class='ocrx_word' id='word_1_186' title='bbox 355 2125 449 2186; x_wconf 88' lang='lat' dir='ltr'>delata</span> <span class='ocrx_word' id='word_1_187' title='bbox 467 2125 606 2204; x_wconf 87' lang='lat' dir='ltr'>leguntur</span> <span class='ocrx_word' id='word_1_188' title='bbox 624 2121 799 2205; x_wconf 74' lang='lat' dir='ltr'>pal-39,</span> <span class='ocrx_word' id='word_1_189' title='bbox 818 2144 893 2204; x_wconf 89' lang='lat' dir='ltr'>quae</span> <span class='ocrx_word' id='word_1_190' title='bbox 912 2125 1032 2204; x_wconf 92' lang='lat' dir='ltr'>quidem</span> <span class='ocrx_word' id='word_1_191' title='bbox 1051 2143 1101 2184; x_wconf 81' lang='lat' dir='ltr'>ex-</span> 
     </span>
     <span class='ocr_line' id='line_1_23' title="bbox 90 2211 1103 2295; baseline -0.003 -19"><span class='ocrx_word' id='word_1_192' title='bbox 90 2216 172 2295; x_wconf 88' lang='lat' dir='ltr'>plent</span> <span class='ocrx_word' id='word_1_193' title='bbox 187 2233 291 2275; x_wconf 86' lang='lat' dir='ltr'>versus</span> <span class='ocrx_word' id='word_1_194' title='bbox 306 2215 351 2275; x_wconf 92' lang='lat' dir='ltr'>ed.</span> <span class='ocrx_word' id='word_1_195' title='bbox 366 2214 427 2275; x_wconf 88' lang='lat' dir='ltr'>Gel.</span> <span class='ocrx_word' id='word_1_196' title='bbox 442 2211 484 2276; x_wconf 81' lang='lat'>47</span> <span class='ocrx_word' id='word_1_197' title='bbox 504 2214 550 2274; x_wconf 89' lang='lat' dir='ltr'>vel</span> <span class='ocrx_word' id='word_1_198' title='bbox 569 2211 612 2275; x_wconf 82' lang='lat'>35</span> <span class='ocrx_word' id='word_1_199' title='bbox 631 2213 676 2274; x_wconf 87' lang='lat' dir='ltr'>ed.</span> <span class='ocrx_word' id='word_1_200' title='bbox 690 2213 767 2294; x_wconf 79' lang='lat' dir='ltr'>Arg,</span> <span class='ocrx_word' id='word_1_201' title='bbox 786 2213 844 2274; x_wconf 95' lang='lat' dir='ltr'>duo</span> <span class='ocrx_word' id='word_1_202' title='bbox 859 2213 928 2273; x_wconf 86' lang='lat' dir='ltr'>lolia</span> <span class='ocrx_word' id='word_1_203' title='bbox 943 2214 1103 2274; x_wconf 85' lang='lat' dir='ltr'>defuerunt</span> 
     </span>
     <span class='ocr_line' id='line_1_24' title="bbox 91 2296 1101 2387; baseline -0.002 -23"><span class='ocrx_word' id='word_1_204' title='bbox 91 2299 203 2387; x_wconf 84' lang='lat' dir='ltr'>(media</span> <span class='ocrx_word' id='word_1_205' title='bbox 218 2303 279 2363; x_wconf 91' lang='lat' dir='ltr'>scil.</span> <span class='ocrx_word' id='word_1_206' title='bbox 299 2305 388 2381; x_wconf 89' lang='lat' dir='ltr'>primi</span> <span class='ocrx_word' id='word_1_207' title='bbox 403 2296 621 2384; x_wconf 85' lang='lat' dir='ltr'>quaternionis)</span> <span class='ocrx_word' id='word_1_208' title='bbox 636 2305 668 2363; x_wconf 92' lang='lat' dir='ltr'>in</span> <span class='ocrx_word' id='word_1_209' title='bbox 687 2321 749 2381; x_wconf 90' lang='lat' dir='ltr'>cap.</span> <span class='ocrx_word' id='word_1_210' title='bbox 760 2299 847 2365; x_wconf 83' lang='grc'>3-6</span> <span class='ocrx_word' id='word_1_211' title='bbox 862 2322 889 2381; x_wconf 94' lang='lat' dir='ltr'>p.</span> <span class='ocrx_word' id='word_1_212' title='bbox 902 2298 941 2363; x_wconf 90' lang='lat'>11</span> <span class='ocrx_word' id='word_1_213' title='bbox 958 2296 1048 2385; x_wconf 87' lang='lat' dir='ltr'>(vers.</span> <span class='ocrx_word' id='word_1_214' title='bbox 1059 2301 1101 2365; x_wconf 80' lang='lat'>62</span> 
     </span>
     <span class='ocr_line' id='line_1_25' title="bbox 91 2385 1103 2475; baseline -0.003 -22"><span class='ocrx_word' id='word_1_215' title='bbox 91 2392 136 2453; x_wconf 90' lang='lat' dir='ltr'>ed.</span> <span class='ocrx_word' id='word_1_216' title='bbox 150 2385 243 2475; x_wconf 81' lang='lat' dir='ltr'>Arg),</span> <span class='ocrx_word' id='word_1_217' title='bbox 257 2392 315 2451; x_wconf 92' lang='lat' dir='ltr'>duo</span> <span class='ocrx_word' id='word_1_218' title='bbox 330 2394 438 2451; x_wconf 87' lang='lat' dir='ltr'>iterum</span> <span class='ocrx_word' id='word_1_219' title='bbox 453 2412 480 2470; x_wconf 91' lang='lat' dir='ltr'>p.</span> <span class='ocrx_word' id='word_1_220' title='bbox 495 2389 538 2454; x_wconf 89' lang='grc'>48</span> <span class='ocrx_word' id='word_1_221' title='bbox 553 2394 585 2451; x_wconf 95' lang='lat' dir='ltr'>in</span> <span class='ocrx_word' id='word_1_222' title='bbox 599 2411 623 2451; x_wconf 93' lang='lat' dir='ltr'>c.</span> <span class='ocrx_word' id='word_1_223' title='bbox 635 2389 765 2453; x_wconf 80' lang='lat'><strong>23-27</strong></span> <span class='ocrx_word' id='word_1_224' title='bbox 781 2385 871 2475; x_wconf 86' lang='lat' dir='ltr'>(vers.</span> <span class='ocrx_word' id='word_1_225' title='bbox 887 2388 930 2453; x_wconf 82' lang='lat'>65</span> <span class='ocrx_word' id='word_1_226' title='bbox 950 2392 995 2452; x_wconf 89' lang='lat' dir='ltr'>ed.</span> <span class='ocrx_word' id='word_1_227' title='bbox 1010 2386 1103 2475; x_wconf 81' lang='lat' dir='ltr'>Arg),</span> 
     </span>
     <span class='ocr_line' id='line_1_26' title="bbox 91 2479 1103 2558; baseline -0.002 -16"><span class='ocrx_word' id='word_1_228' title='bbox 91 2482 196 2542; x_wconf 94' lang='lat' dir='ltr'>eodem</span> <span class='ocrx_word' id='word_1_229' title='bbox 214 2487 312 2540; x_wconf 91' lang='lat' dir='ltr'>autem</span> <span class='ocrx_word' id='word_1_230' title='bbox 330 2479 417 2540; x_wconf 93' lang='lat' dir='ltr'>modo</span> <span class='ocrx_word' id='word_1_231' title='bbox 435 2499 513 2541; x_wconf 93' lang='lat' dir='ltr'>unus</span> <span class='ocrx_word' id='word_1_232' title='bbox 532 2483 648 2557; x_wconf 89' lang='lat' dir='ltr'>integer</span> <span class='ocrx_word' id='word_1_233' title='bbox 667 2483 821 2558; x_wconf 84' lang='lat' dir='ltr'>quaternio</span> <span class='ocrx_word' id='word_1_234' title='bbox 841 2481 935 2541; x_wconf 90' lang='lat' dir='ltr'>deluit</span> <span class='ocrx_word' id='word_1_235' title='bbox 958 2480 1033 2540; x_wconf 94' lang='lat' dir='ltr'>libro</span> <span class='ocrx_word' id='word_1_236' title='bbox 1058 2500 1103 2540; x_wconf 93' lang='lat' dir='ltr'>se·</span> 
     </span>
     <span class='ocr_line' id='line_1_27' title="bbox 90 2562 1102 2652; baseline -0.003 -21"><span class='ocrx_word' id='word_1_237' title='bbox 90 2571 187 2631; x_wconf 91' lang='lat' dir='ltr'>cundo</span> <span class='ocrx_word' id='word_1_238' title='bbox 201 2576 269 2649; x_wconf 90' lang='lat' dir='ltr'>post</span> <span class='ocrx_word' id='word_1_239' title='bbox 286 2587 350 2648; x_wconf 85' lang='lat' dir='ltr'>pag:</span> <span class='ocrx_word' id='word_1_240' title='bbox 371 2567 412 2631; x_wconf 84' lang='lat'>88</span> <span class='ocrx_word' id='word_1_241' title='bbox 424 2562 514 2651; x_wconf 81' lang='lat' dir='ltr'>(vers.</span> <span class='ocrx_word' id='word_1_242' title='bbox 529 2568 590 2629; x_wconf 86' lang='lat' dir='ltr'>Gel.</span> <span class='ocrx_word' id='word_1_243' title='bbox 606 2565 758 2629; x_wconf 85' lang='lat' dir='ltr'><strong>390=c.</strong></span> <span class='ocrx_word' id='word_1_244' title='bbox 771 2568 790 2631; x_wconf 95' lang='grc'>8</span> <span class='ocrx_word' id='word_1_245' title='bbox 801 2581 844 2634; x_wconf 95' lang='lat'>&gt;&lt;</span> <span class='ocrx_word' id='word_1_246' title='bbox 855 2563 924 2652; x_wconf 84' lang='lat'>49),</span> <span class='ocrx_word' id='word_1_247' title='bbox 943 2572 984 2629; x_wconf 88' lang='lat' dir='ltr'>ita</span> <span class='ocrx_word' id='word_1_248' title='bbox 1002 2576 1035 2628; x_wconf 92' lang='lat' dir='ltr'>ut</span> <span class='ocrx_word' id='word_1_249' title='bbox 1054 2589 1102 2628; x_wconf 89' lang='lat' dir='ltr'>cc-</span> 
     </span>
     <span class='ocr_line' id='line_1_28' title="bbox 91 2657 1107 2736; baseline -0.001 -17"><span class='ocrx_word' id='word_1_250' title='bbox 91 2660 165 2720; x_wconf 92' lang='lat' dir='ltr'>dicis</span> <span class='ocrx_word' id='word_1_251' title='bbox 185 2657 338 2718; x_wconf 86' lang='lat' dir='ltr'>Geleniani</span> <span class='ocrx_word' id='word_1_252' title='bbox 358 2658 461 2718; x_wconf 85' lang='lat' dir='ltr'>lolium</span> <span class='ocrx_word' id='word_1_253' title='bbox 480 2657 569 2736; x_wconf 92' lang='lat' dir='ltr'>duplo</span> <span class='ocrx_word' id='word_1_254' title='bbox 587 2657 633 2717; x_wconf 91' lang='lat' dir='ltr'>vel</span> <span class='ocrx_word' id='word_1_255' title='bbox 652 2657 746 2718; x_wconf 83' lang='lat' dir='ltr'>forma</span> <span class='ocrx_word' id='word_1_256' title='bbox 768 2660 863 2718; x_wconf 91' lang='lat' dir='ltr'>maius</span> <span class='ocrx_word' id='word_1_257' title='bbox 886 2657 933 2717; x_wconf 86' lang='lat' dir='ltr'>vel</span> <span class='ocrx_word' id='word_1_258' title='bbox 957 2659 1107 2736; x_wconf 76' lang='lat' dir='ltr'>scriptura</span> 
     </span>
     <span class='ocr_line' id='line_1_29' title="bbox 91 2746 1104 2826; baseline -0.001 -19"><span class='ocrx_word' id='word_1_259' title='bbox 91 2749 213 2808; x_wconf 88' lang='lat' dir='ltr'>densius</span> <span class='ocrx_word' id='word_1_260' title='bbox 245 2747 460 2808; x_wconf 92' lang='lat' dir='ltr'>aestimandum</span> <span class='ocrx_word' id='word_1_261' title='bbox 488 2749 526 2807; x_wconf 87' lang='lat' dir='ltr'>sit</span> <span class='ocrx_word' id='word_1_262' title='bbox 550 2764 638 2826; x_wconf 91' lang='lat' dir='ltr'>quam</span> <span class='ocrx_word' id='word_1_263' title='bbox 660 2746 800 2807; x_wconf 92' lang='lat' dir='ltr'>Vaticani.</span> <span class='ocrx_word' id='word_1_264' title='bbox 828 2747 916 2807; x_wconf 91' lang='lat' dir='ltr'>huius</span> <span class='ocrx_word' id='word_1_265' title='bbox 940 2747 1019 2806; x_wconf 89' lang='lat' dir='ltr'>enim</span> <span class='ocrx_word' id='word_1_266' title='bbox 1044 2749 1104 2806; x_wconf 91' lang='lat' dir='ltr'>sin-</span> 
     </span>
     <span class='ocr_line' id='line_1_30' title="bbox 91 2828 1105 2918; baseline -0.001 -21"><span class='ocrx_word' id='word_1_267' title='bbox 91 2837 158 2916; x_wconf 89' lang='lat' dir='ltr'>gula</span> <span class='ocrx_word' id='word_1_268' title='bbox 176 2836 245 2895; x_wconf 86' lang='lat' dir='ltr'>lolia</span> <span class='ocrx_word' id='word_1_269' title='bbox 264 2836 326 2895; x_wconf 90' lang='lat' dir='ltr'>lere</span> <span class='ocrx_word' id='word_1_270' title='bbox 353 2842 480 2914; x_wconf 92' lang='lat' dir='ltr'>aequant</span> <span class='ocrx_word' id='word_1_271' title='bbox 498 2837 619 2914; x_wconf 90' lang='lat' dir='ltr'>paginas</span> <span class='ocrx_word' id='word_1_272' title='bbox 639 2832 814 2895; x_wconf 87' lang='lat' dir='ltr'>Geleniarias</span> <span class='ocrx_word' id='word_1_273' title='bbox 825 2829 978 2918; x_wconf 85' lang='lat' dir='ltr'>(versuum</span> <span class='ocrx_word' id='word_1_274' title='bbox 986 2828 1053 2918; x_wconf 83' lang='lat'>26).</span> <span class='ocrx_word' id='word_1_275' title='bbox 1079 2839 1105 2896; x_wconf 92' lang='lat' dir='ltr'>si</span> 
     </span>
     <span class='ocr_line' id='line_1_31' title="bbox 90 2918 1105 3007; baseline 0.001 -23"><span class='ocrx_word' id='word_1_276' title='bbox 90 2945 160 2986; x_wconf 83' lang='lat' dir='ltr'>vero</span> <span class='ocrx_word' id='word_1_277' title='bbox 176 2942 250 3004; x_wconf 93' lang='lat' dir='ltr'>quae</span> <span class='ocrx_word' id='word_1_278' title='bbox 269 2926 448 3003; x_wconf 89' lang='lat' dir='ltr'>transposita</span> <span class='ocrx_word' id='word_1_279' title='bbox 467 2923 541 3002; x_wconf 92' lang='lat' dir='ltr'>legis</span> <span class='ocrx_word' id='word_1_280' title='bbox 561 2918 728 3007; x_wconf 79' lang='lat' dir='ltr'>(p.37,13</span> <span class='ocrx_word' id='word_1_281' title='bbox 750 2925 861 3005; x_wconf 90' lang='lat' dir='ltr'>„fronti</span> <span class='ocrx_word' id='word_1_282' title='bbox 883 2924 1002 2984; x_wconf 88' lang='lat' dir='ltr'>inlitum</span> <span class='ocrx_word' id='word_1_283' title='bbox 1024 2927 1105 2986; x_wconf 86' lang='lat' dir='ltr'>iuvat</span> 
     </span>
     <span class='ocr_line' id='line_1_32' title="bbox 91 3006 1105 3095; baseline 0 -21"><span class='ocrx_word' id='word_1_284' title='bbox 91 3048 133 3056; x_wconf 88' lang='lat'><strong>—</strong></span> <span class='ocrx_word' id='word_1_285' title='bbox 153 3014 235 3074; x_wconf 92' lang='lat' dir='ltr'>albos</span> <span class='ocrx_word' id='word_1_286' title='bbox 254 3012 354 3073; x_wconf 91' lang='lat' dir='ltr'>oculos</span> <span class='ocrx_word' id='word_1_287' title='bbox 373 3007 532 3091; x_wconf 72' lang='lat' dir='ltr'>procurat‘</span> <span class='ocrx_word' id='word_1_288' title='bbox 553 3033 581 3092; x_wconf 92' lang='lat' dir='ltr'>p.</span> <span class='ocrx_word' id='word_1_289' title='bbox 593 3010 644 3093; x_wconf 79' lang='lat'>39,</span> <span class='ocrx_word' id='word_1_290' title='bbox 656 3006 722 3095; x_wconf 87' lang='lat'>10),</span> <span class='ocrx_word' id='word_1_291' title='bbox 739 3013 865 3073; x_wconf 93' lang='lat' dir='ltr'>duorum</span> <span class='ocrx_word' id='word_1_292' title='bbox 881 3032 947 3074; x_wconf 90' lang='lat' dir='ltr'>esse</span> <span class='ocrx_word' id='word_1_293' title='bbox 966 3013 1105 3075; x_wconf 86' lang='lat' dir='ltr'>loliorum</span> 
     </span>
     <span class='ocr_line' id='line_1_33' title="bbox 90 3100 1104 3184; baseline 0.003 -23"><span class='ocrx_word' id='word_1_294' title='bbox 90 3103 185 3184; x_wconf 89' lang='lat' dir='ltr'>malis,</span> <span class='ocrx_word' id='word_1_295' title='bbox 209 3100 340 3180; x_wconf 88' lang='lat' dir='ltr'>aequalia</span> <span class='ocrx_word' id='word_1_296' title='bbox 363 3102 603 3179; x_wconf 84' lang='lat' dir='ltr'>ferentriusqne</span> <span class='ocrx_word' id='word_1_297' title='bbox 632 3101 743 3161; x_wconf 90' lang='lat' dir='ltr'>codicis</span> <span class='ocrx_word' id='word_1_298' title='bbox 767 3101 836 3162; x_wconf 84' lang='lat' dir='ltr'>lolia</span> <span class='ocrx_word' id='word_1_299' title='bbox 859 3103 951 3163; x_wconf 85' lang='lat' dir='ltr'>luisse</span> <span class='ocrx_word' id='word_1_300' title='bbox 975 3105 1104 3183; x_wconf 91' lang='lat' dir='ltr'>putanda</span> 
     </span>
     <span class='ocr_line' id='line_1_34' title="bbox 91 3183 1103 3272; baseline 0.003 -22"><span class='ocrx_word' id='word_1_301' title='bbox 91 3198 161 3250; x_wconf 88' lang='lat' dir='ltr'>sunt</span> <span class='ocrx_word' id='word_1_302' title='bbox 184 3190 372 3250; x_wconf 88' lang='lat' dir='ltr'>Geleniani</span> <span class='ocrx_word' id='word_1_303' title='bbox 392 3183 448 3272; x_wconf 91' lang='lat'>(=</span> <span class='ocrx_word' id='word_1_304' title='bbox 465 3183 540 3272; x_wconf 86' lang='lat' dir='ltr'>Gel)</span> <span class='ocrx_word' id='word_1_305' title='bbox 565 3198 594 3249; x_wconf 91' lang='lat' dir='ltr'>et</span> <span class='ocrx_word' id='word_1_306' title='bbox 612 3190 757 3270; x_wconf 90' lang='lat' dir='ltr'>Vaticani,</span> <span class='ocrx_word' id='word_1_307' title='bbox 781 3209 841 3251; x_wconf 93' lang='lat' dir='ltr'>non</span> <span class='ocrx_word' id='word_1_308' title='bbox 864 3198 963 3252; x_wconf 90' lang='lat' dir='ltr'>tamen</span> <span class='ocrx_word' id='word_1_309' title='bbox 992 3193 1103 3254; x_wconf 88' lang='lat' dir='ltr'>eadem.</span> 
     </span>
    </p>

    <p class='ocr_par' dir='ltr' id='par_1_4' title="bbox 91 3278 1105 3622">
     <span class='ocr_line' id='line_1_35' title="bbox 179 3278 1105 3358; baseline 0.004 -21"><span class='ocrx_word' id='word_1_310' title='bbox 179 3278 297 3338; x_wconf 83' lang='lat' dir='ltr'>Etenim</span> <span class='ocrx_word' id='word_1_311' title='bbox 315 3287 348 3339; x_wconf 91' lang='lat' dir='ltr'>ut</span> <span class='ocrx_word' id='word_1_312' title='bbox 367 3297 441 3358; x_wconf 92' lang='lat' dir='ltr'>quae</span> <span class='ocrx_word' id='word_1_313' title='bbox 466 3281 504 3338; x_wconf 92' lang='lat' dir='ltr'>sit</span> <span class='ocrx_word' id='word_1_314' title='bbox 522 3280 597 3338; x_wconf 90' lang='lat' dir='ltr'>ratio</span> <span class='ocrx_word' id='word_1_315' title='bbox 617 3285 715 3338; x_wconf 87' lang='lat' dir='ltr'>textus</span> <span class='ocrx_word' id='word_1_316' title='bbox 735 3280 870 3340; x_wconf 90' lang='lat' dir='ltr'>codicum</span> <span class='ocrx_word' id='word_1_317' title='bbox 885 3281 931 3353; x_wconf 89' lang='lat' dir='ltr'>B(</span> <span class='ocrx_word' id='word_1_318' title='bbox 935 3281 1105 3355; x_wconf 81' lang='lat' dir='ltr'>V)rGel.(b)</span> 
     </span>
     <span class='ocr_line' id='line_1_36' title="bbox 91 3361 1105 3450; baseline 0.001 -23"><span class='ocrx_word' id='word_1_319' title='bbox 91 3367 247 3427; x_wconf 80' lang='lat' dir='ltr'>manifesto</span> <span class='ocrx_word' id='word_1_320' title='bbox 271 3367 405 3447; x_wconf 82' lang='lat' dir='ltr'>exemplo</span> <span class='ocrx_word' id='word_1_321' title='bbox 428 3369 639 3447; x_wconf 78' lang='lat' dir='ltr'>perspiciatur,</span> <span class='ocrx_word' id='word_1_322' title='bbox 662 3370 807 3427; x_wconf 90' lang='lat' dir='ltr'>maiorum</span> <span class='ocrx_word' id='word_1_323' title='bbox 833 3367 1006 3429; x_wconf 90' lang='lat' dir='ltr'>lacunarum</span> <span class='ocrx_word' id='word_1_324' title='bbox 1030 3361 1105 3450; x_wconf 90' lang='lat' dir='ltr'>(non</span> 
     </span>
     <span class='ocr_line' id='line_1_37' title="bbox 91 3449 1104 3537; baseline -0.002 -21"><span class='ocrx_word' id='word_1_325' title='bbox 91 3457 181 3536; x_wconf 90' lang='lat' dir='ltr'>primi</span> <span class='ocrx_word' id='word_1_326' title='bbox 204 3454 323 3534; x_wconf 92' lang='lat' dir='ltr'>quidem</span> <span class='ocrx_word' id='word_1_327' title='bbox 346 3455 416 3516; x_wconf 91' lang='lat' dir='ltr'>libri</span> <span class='ocrx_word' id='word_1_328' title='bbox 440 3456 491 3516; x_wconf 91' lang='lat' dir='ltr'>sed</span> <span class='ocrx_word' id='word_1_329' title='bbox 515 3455 566 3516; x_wconf 88' lang='lat' dir='ltr'>ubl</span> <span class='ocrx_word' id='word_1_330' title='bbox 594 3456 707 3516; x_wconf 90' lang='lat' dir='ltr'>accedit</span> <span class='ocrx_word' id='word_1_331' title='bbox 734 3456 821 3515; x_wconf 89' lang='lat' dir='ltr'>ctiam</span> <span class='ocrx_word' id='word_1_332' title='bbox 845 3449 885 3537; x_wconf 85' lang='lat' dir='ltr'>V)</span> <span class='ocrx_word' id='word_1_333' title='bbox 910 3453 1034 3513; x_wconf 91' lang='lat' dir='ltr'>secundi</span> <span class='ocrx_word' id='word_1_334' title='bbox 1061 3464 1104 3514; x_wconf 92' lang='lat' dir='ltr'>ta-</span> 
     </span>
     <span class='ocr_line' id='line_1_38' title="bbox 91 3543 375 3622; baseline -0.007 -16"><span class='ocrx_word' id='word_1_335' title='bbox 91 3545 190 3606; x_wconf 92' lang='lat' dir='ltr'>bulam</span> <span class='ocrx_word' id='word_1_336' title='bbox 215 3543 375 3622; x_wconf 90' lang='lat' dir='ltr'>subiungo:</span> 
     </span>
    </p>
   </div>
   <div class='ocr_carea' id='block_1_3' title="bbox 0 0 1205 3922">
    <p class='ocr_par' dir='ltr' id='par_1_5' title="bbox 0 0 1205 3922">
     <span class='ocr_line' id='line_1_39' title="bbox 0 0 1205 3922; baseline 0 0"><span class='ocrx_word' id='word_1_337' title='bbox 0 0 1205 3922; x_wconf 95' lang='lat' dir='ltr'> </span> 
     </span>
    </p>
   </div>
  </div>
 </body>
</html>
