2392 3922
394 126 398 133 ’
462 149 751 240 snurususum.¹
813 224 816 229 Ι
1037 146 1123 211 313.
1147 129 1166 231 Ἰ

89 412 93 417 ⁵
121 344 171 398 Ad
185 342 229 410 II,
242 347 280 397 14
295 345 355 410 (44)
373 341 420 397 De
440 341 569 412 capitis
588 340 758 410 querellis
777 344 853 411 (post
871 341 1009 396 cerota'rio
1029 342 1069 396 sic

472 467 474 472 .
525 422 620 476 medet
654 424 672 491 ).
1120 460 1125 470 .

48 557 53 565 ,
157 500 257 570 Aliqui
276 517 344 555 vero
362 503 469 570 negant
488 503 573 570 caput
592 500 687 554 dolere
706 499 733 554 ei
751 501 800 570 qui
825 517 855 556 se
880 500 1041 562 luna'XVIl
1058 500 1104 554 vel

85 583 179 637 XVIII
206 580 373 640 totonderIt.
401 597 505 635 corona
533 582 567 636 de
594 579 690 651 puleio
718 580 806 650 capiti
835 581 943 636 dolenti
970 580 1105 649 imposita

86 663 211 732 prodest.
239 661 295 717 hoc
314 664 344 716 et
366 675 385 715 a
404 661 462 715 sole
486 660 595 715 dolenti
616 660 743 715 facimus.
772 659 836 714 rubi
859 660 930 716 folia
952 660 1022 715 trita
1040 677 1104 714 curn
1131 674 1143 715 5

87 743 150 797 oleo
174 741 293 797 illinita.
321 757 415 796 ossum
439 742 473 796 de
492 740 586 811 capite
605 739 725 794 vulturis
748 738 836 809 capiti
861 740 968 795 dolenti
991 738 1106 810 imposi-
1125 740 1142 787 .’

86 827 149 876 tum
165 823 292 893 prodest.
321 821 447 891 puleium
471 821 523 876 sub
542 837 609 875 aure
632 819 679 874 vel
702 820 754 874 sub
782 820 867 874 anulo
890 823 985 874 tecum
1007 819 1106 873 tritum

86 904 179 973 porta,
199 905 228 957 et
246 918 339 970 neque
358 901 394 956 ab
414 904 495 956 aestu
513 917 604 969 neque
624 901 660 954 ab
679 899 771 954 hieme
790 900 973 969 gravedinem
993 900 1104 955 senties.

87 981 207 1037 herbam
225 981 361 1036 hederam
380 984 528 1035 contusum
546 980 577 1034 in
596 977 658 1035 oleo
678 980 792 1049 coquito
812 983 841 1034 et
858 996 908 1049 per
926 979 1046 1034 linteum
1060 997 1105 1034 co-

87 1061 156 1128 lato,
176 1063 257 1115 etex
275 1076 309 1115 eo
328 1059 451 1127 frontem
469 1062 498 1114 et
516 1063 644 1130 tempora
664 1063 693 1115 et
710 1077 792 1115 nares
806 1059 984 1130 perunguito.
1004 1060 1057 1113 hoc
1076 1063 1105 1114 et
1119 1073 1144 1112 ro

89 1142 126 1195 ad
145 1141 234 1196 medii
253 1140 357 1211 capitis
377 1141 503 1195 dolorem
521 1139 599 1195 facit.
632 1141 746 1195 cuculas
765 1139 895 1210 caprinas
908 1139 962 1192 ΠΙΙ
975 1138 1006 1191 in
1024 1142 1105 1194 aceto

89 1220 181 1276 solves
210 1224 240 1276 et
267 1220 355 1275 fronti
383 1220 496 1275 illinies.
526 1222 632 1274 cretam
658 1217 739 1290 figuli
766 1236 830 1273 cum
857 1222 938 1273 aceto
961 1218 1053 1273 'solves
1077 1221 1106 1273 et

88 1301 177 1356 fronti
202 1300 318 1356 illinies.
346 1300 432 1354 bacas
461 1299 535 1355 lauri
561 1299 656 1370 inpari
678 1315 794 1354 numero
817 1298 879 1353 oleo
907 1297 990 1353 tritas
1018 1297 1106 1367 capiti

88 1380 204 1436 illinito.
238 1380 309 1435 folia
328 1379 397 1434 trita
420 1397 455 1434 ex
473 1382 553 1434 aceto
577 1383 606 1434 et
632 1379 707 1448 oleo,
730 1378 819 1447 capiti
842 1378 983 1432 stillatum
1004 1377 1107 1431 mirum

88 1465 139 1517 est.
173 1460 277 1516 lasams
296 1460 439 1515 modicum
456 1460 487 1513 in
505 1477 581 1528 aqua
599 1459 689 1527 solve,
712 1462 743 1533 et
764 1458 796 1511 in
819 1475 916 1513 aurem
936 1459 996 1514 eius
1015 1458 1104 1529 partis
1119 1470 1145 1511 15

88 1557 162 1609 quae
187 1540 267 1595 dolet
285 1540 325 1593 III
348 1543 445 1610 guttas
469 1557 532 1594 cum
556 1539 647 1610 digIto
671 1538 789 1593 stillato.
812 1539 876 1609 ipsa
899 1539 1014 1608 quidem
1036 1540 1106 1594 hora

90 1623 176 1690 eaput
200 1622 298 1688 vexat,
319 1619 369 1673 sed
391 1619 607 1689 inperpetuum
630 1636 714 1674 sanus
733 1618 795 1674 erit.
823 1620 858 1674 de
881 1636 967 1674 cornu
989 1619 1106 1689 pecudis

89 1701 149 1755 vivi
166 1699 312 1770 pectinem
329 1699 417 1754 facies
436 1702 465 1754 et
484 1715 548 1752 cum
565 1699 628 1768 ipso
646 1699 781 1769 pectines,
800 1698 844 1753 vir
861 1699 896 1753 de
914 1699 1047 1769 masculo,
1066 1699 1107 1753 fe·

88 1779 166 1834 mina
181 1779 218 1833 de
231 1777 347 1832 femina.
366 1777 443 1848 porri
457 1778 557 1833 sectivi
571 1778 632 1833 suci
646 1777 785 1833 coclearia
794 1778 829 1847 H,
843 1778 936 1833 mellis
949 1778 1074 1833 cocleare
1083 1778 1104 1845 I,

89 1860 263 1930 permixtum
281 1859 311 1912 in
324 1858 441 1914 naribus
460 1861 511 1913 ant
524 1858 555 1911 in
569 1857 663 1927 capite
676 1857 811 1913 infundis.
837 1857 978 1912 calculum
995 1857 1106 1912 limacis
1120 1873 1146 1911 ro

91 1941 199 1995 eximes
215 1939 286 1993 luna
300 1938 379 1993 XVII
397 1941 426 1993 et
444 1939 519 1992 hunc
537 1937 568 1991 in
586 1936 708 1992 foenicio
727 1937 848 2008 ligatum
867 1954 884 1990 a
903 1937 997 2007 eapite
1015 1940 1106 2006 porta,

89 2023 177 2090 capnt
200 2019 332 2073 dolorem
358 2035 415 2072 non
442 2019 560 2089 patitur.
587 2015 681 2086 lapilli
703 2017 734 2071 in
756 2020 854 2071 ventre
882 2016 1041 2070 hirundinis
1064 2016 1105 2069 in-

90 2099 178 2167 venti,
198 2097 321 2153 maxime
346 2097 417 2167 albi,
441 2098 472 2151 in
495 2096 589 2167 cupite
611 2096 696 2165 ligati
718 2096 764 2150 vel
783 2096 813 2148 in
831 2113 917 2150 mauu
934 2095 1041 2165 portati
1059 2111 1106 2149 ve·

89 2177 263 2233 tustissimos
282 2176 386 2246 capitis
405 2178 516 2232 dolores
535 2176 647 2231 tollunt.
677 2175 819 2229 surculum
839 2177 873 2229 de
891 2175 959 2229 nido
977 2175 1058 2229 milvi
1076 2175 1106 2228 in

89 2258 208 2328 pulvino
230 2259 305 2327 pone
329 2257 476 2327 nescienti,
505 2259 616 2311 etcum
638 2255 750 2324 tuleris,
778 2271 813 2308 ne
836 2258 901 2324 post
923 2257 952 2309 te
970 2254 1105 2323 respicias
1120 2270 1145 2310 ns

91 2338 171 2392 eunti
199 2337 359 2392 dormitum.
392 2337 469 2407 porri
497 2335 597 2391 sectivi
625 2335 685 2388 suci
707 2335 733 2387 Π
761 2334 900 2388 coclearia
923 2335 983 2389 etl
1005 2334 1106 2403 mellis,

89 2417 275 2473 commixtum
297 2416 329 2470 in
352 2433 433 2471 aures
457 2417 503 2471 vel
522 2416 552 2469 in
572 2432 656 2469 nares
677 2413 812 2469 infundis.
840 2414 926 2469 intibi
954 2431 1020 2469 suco
1044 2432 1107 2469 cum

91 2498 154 2553 oleo
174 2512 256 2551 roseo
276 2499 305 2550 et
319 2498 400 2550 aceto
415 2499 501 2565 caput
519 2494 697 2565 perunguito,
716 2494 870 2565 vertigines
889 2497 919 2549 et
937 2495 1039 2564 capitis
1059 2496 1107 2549 do-

88 2578 163 2631 lores
182 2578 293 2631 veteres
311 2592 402 2631 curas.
430 2577 500 2630 mali
522 2575 625 2647 persici
647 2574 763 2629 nucleus
787 2573 925 2629 contritus
944 2591 1008 2627 cum
1026 2577 1107 2629 aceto

88 2660 118 2711 et
142 2655 231 2710 fronti
253 2654 376 2709 illinitus
405 2655 502 2710 statim
525 2657 607 2709 sedat
630 2655 763 2709 dolorem.
792 2654 879 2709 bacas
902 2654 976 2709 lauri
989 2654 1054 2708 VIII
1077 2658 1106 2709 et
1120 2671 1145 2711 so

88 2736 188 2790 album
207 2734 254 2789 ovi
272 2735 303 2789 in
321 2735 456 2790 mortario
476 2735 575 2789 tritum
593 2738 623 2790 et
638 2734 726 2789 fronti
744 2733 889 2804 illinitum,
909 2751 926 2788 a
944 2733 1041 2788 multis
1061 2751 1106 2788 ex-

87 2819 203 2885 pertum
226 2817 278 2869 est.
306 2814 424 2869 herbam
449 2832 522 2884 quae
545 2815 576 2868 in
599 2815 693 2885 capite
721 2816 833 2868 statuae
856 2813 1010 2882 invenitur,
1038 2813 1107 2868 luna

89 2896 271 2952 decrescente
290 2894 382 2962 tollis,
402 2897 432 2948 et
453 2894 484 2947 in
501 2912 596 2964 panno
615 2894 690 2949 lineo
709 2892 831 2962 ligatum
850 2893 884 2947 de
902 2893 962 2946 lino
980 2909 1042 2946 rore
1061 2909 1106 2944 ca-

88 2976 158 3045 pitis
184 2974 311 3030 dolorem
330 2974 428 3029 statim
447 2975 536 3030 sedat.
565 2990 700 3029 araneum
717 2971 806 3026 linteo
825 2972 951 3041 prendis,
978 2970 1053 3040 ligas
1071 2970 1105 3023 de

164 3172 293 3225 Ilteci'r
313 3171 337 3225 t.
411 3170 484 3224 8ab
502 3186 583 3238 yeme
602 3173 625 3225 b.
699 3172 733 3221 10
752 3170 883 3236 tympora
901 3167 926 3220 b.
1000 3170 1031 3217 11
1053 3163 1106 3217 Cu·

89 3241 169 3295 culas
190 3243 284 3311 (sic)b
303 3240 454 3310 (ungulasl
473 3243 507 3308 cf.
527 3242 620 3295 Dioec.
635 3243 663 3305 2,
681 3241 736 3306 46).
837 3241 870 3289 12
889 3234 975 3289 solvis
995 3237 1010 3289 b
1031 3236 1106 3299 (item

89 3315 189 3381 infra).
265 3317 298 3365 19
319 3317 388 3365 sucu
403 3355 409 3368 .
425 3357 431 3367 .
448 3357 453 3367 .
468 3311 525 3366 mel
544 3313 567 3366 b.
622 3315 656 3363 20
675 3308 861 3362 cauculumb.
917 3312 950 3359 2-1
969 3304 1104 3360 finiciob.

89 3389 123 3437 22
143 3386 177 3451 cf.
194 3383 286 3439 Marc.
303 3400 334 3452 p.
350 3385 395 3449 35,
413 3386 458 3438 22.
514 3386 548 3435 23
566 3383 649 3449 porta
667 3382 691 3435 b.
746 3384 780 3431 26
800 3377 862 3432 suc⁹
881 3380 906 3441 b.v
950 3381 983 3429 27
999 3378 1097 3431 sucdb

89 3460 123 3508 28
133 3453 284 3524 vertiginis
295 3456 319 3508 b.
368 3453 539 3508 82Herbub.
585 3456 619 3504 33
630 3448 803 3505 decrescenti
814 3452 837 3505 b.
885 3449 1056 3516 rore(ec'c)b.
1071 3448 1106 3516 cf.

90 3526 223 3582 PaPle'n.
230 3528 364 3596 p.11,16.
383 3524 473 3580 Marc.
481 3542 510 3594 p.
518 3527 562 3591 33,
568 3526 611 3577 33.
617 3527 661 3590 40,
670 3514 782 3591 23(lino
791 3520 872 3592 rufo).
914 3519 1073 3590 34prendes
1083 3521 1107 3576 b.
