2392 3922
87 159 154 223 440
489 159 695 214 uumcmur
714 129 718 135 ’

88 322 183 374 centes
203 319 323 372 venter
337 319 367 371 et
379 315 517 371 intestina
531 333 597 371 con·
626 320 655 372 et
664 317 805 372 stentinus
820 316 999 372 continentes
1016 316 1109 372 latere

88 391 182 446 tineus
208 387 301 443 latera
328 390 358 442 et
386 404 415 442 cs
436 387 492 442 inu.
526 403 598 442 vene
626 391 655 443 et
673 388 763 459 spina.
786 390 887 442 venter
905 391 1003 443 cutem
1020 388 1110 444 habet

89 463 185 516 autem
202 459 263 513 eius
282 459 351 513 abet
369 406 507 513 orricium
526 459 597 513 duos
626 458 734 514 crificia
752 459 816 514 duc.
842 477 932 513 unum
949 459 1111 528 proximum

88 531 174 587 etsie
189 529 317 599 proximo
338 530 502 584 membrano
521 529 599 598 quod
624 531 821 586 membranum
843 531 920 597 quod
938 530 1023 600 'greci
1045 547 1110 600 pro-

88 600 165 673 greci
182 601 373 671 proccusdion
388 603 493 655 vocant
511 599 542 654 in
561 599 597 654 si·
625 601 775 656 tocurdion
787 603 899 656 vocent.
918 601 950 656 in
963 601 1110 656 sinistram

88 666 217 727 nistram‘
226 675 337 741 partem
355 671 517 726 inclinatur.
539 671 599 725 alia
625 675 737 742 partem
750 671 920 726 inclinatum
934 673 1013 740 quod
1031 673 1109 742 greci

88 743 198 799 veroin
212 741 489 812 dextrcpartecirca
503 742 599 797 sedem
625 744 763 812 pulsurun
785 745 896 797 vocant.
925 742 1017 796 alium
1042 761 1109 800 vero

89 832 159 884 quos
171 814 296 885 positum
310 817 354 868 est
368 816 499 868 extensus
509 829 598 881 usquc
625 815 656 867 in
671 814 801 868 dextram
813 816 925 882 partem
939 813 1016 869 circa
1034 813 1110 870 iecor

90 887 127 941 cd
141 886 258 956 longum
272 886 348 954 quod
366 884 443 954 greci
458 883 542 938 lacon
557 883 599 936 di·
625 885 751 955 positum
768 886 824 953 est,
848 886 878 938 et
896 887 1046 939 extensum
1063 904 1109 939 us-

90 961 165 1013 cunt.
185 957 332 1012 continens
350 971 431 1010 renes
450 957 479 1008 et
497 954 549 1008 ilia
570 957 599 1009 et
626 973 681 1025 que
700 956 737 1010 ad
755 955 856 1010 locum.
876 956 954 1023 quod
972 955 1052 1037 greci
1068 957 1109 1011 lc-

89 1029 215 1084 iocinerc
229 1031 258 1083 et
271 1027 366 1083 vesica
379 1026 500 1080 viridem
513 1025 599 1095 plena
626 1044 683 1097 gon
701 1025 809 1080 dicunt.
834 1025 925 1080 latine
947 1026 1002 1080 ilia
1020 1027 1109 1081 conti-

90 1102 236 1155 humorem
254 1099 330 1167 quod
354 1097 432 1167 greci
451 1095 532 1150 colen
550 1113 599 1150 vo·
625 1102 695 1152 nent
709 1098 809 1151 dextra
818 1113 899 1151 renes
914 1098 964 1151 sed
976 1097 1108 1153 iocineris

91 1175 158 1227 cant
180 1172 211 1225 in
234 1170 349 1224 sinistra
370 1170 452 1238 parte
474 1167 600 1249 positum
626 1168 723 1223 fertur.
742 1167 881 1223 vcssiccm
896 1183 964 1223 vero
983 1169 1107 1238 planam

91 1247 135 1299 est
162 1243 243 1312 splen
270 1240 393 1310 oblongo
419 1240 600 1293 comunctum
626 1239 747 1294 viridem
777 1239 932 1294 humorem.
965 1241 1044 1307 quod
1071 1240 1109 1294 fel

91 1316 135 1368 est
157 1311 315 1368 ventriculo
343 1309 490 1365 continens
513 1325 600 1362 mem·
628 1310 740 1365 dicitur.
756 1309 1110 1380 insinistravercpcrtem

90 1385 181 1438 branc
200 1384 298 1436 denuc.
320 1381 428 1434 habens
446 1379 599 1449 pinguissi-
626 1381 752 1451 positum
779 1383 830 1435 est.
859 1379 987 1450 splenem
1010 1382 1108 1437 oblon-

90 1470 151 1506 mcs
179 1469 266 1506 venus
294 1467 348 1518 que
376 1450 528 1504 intestinas
553 1449 600 1504 vel
627 1470 695 1522 gum
720 1451 903 1506 coniunctum
924 1452 1020 1506 ventri
1045 1469 1109 1508 con-

91 1525 218 1578 ventrem
245 1524 344 1590 tegent
371 1523 401 1574 et
428 1519 600 1574 calefaciunt
627 1523 735 1577 tinetur
743 1521 915 1576 membranis
925 1523 1109 1579 tenuissimis.

91 1594 167 1663 quod
185 1591 262 1662 greci
285 1591 401 1661 epeplus
420 1593 531 1645 vocant.
558 1590 599 1644 lc·
627 1594 766 1648 habentes
792 1592 996 1663 pinguissimas
1022 1611 1109 1649 venes

90 1665 169 1719 tinne
188 1663 321 1717 obmentc
339 1661 386 1717 vel
403 1677 509 1730 mappa
530 1661 600 1715 dici-
627 1682 682 1735 que
695 1663 862 1718 intestinum
875 1667 978 1734 tegrmt
992 1667 1023 1720 et
1036 1665 1110 1720 cale·

91 1739 138 1791 tur
156 1737 303 1790 extensum
321 1735 365 1788 est
385 1748 474 1801 usque
493 1732 530 1786 cd
548 1731 600 1785 ilic
627 1734 745 1790 faciunt.
761 1735 837 1803 quod
851 1735 929 1804 greci
943 1736 1048 1805 epylcn
1061 1754 1109 1791 vo-

93 1807 248 1861 subvccent
276 1804 338 1859 colo
365 1802 502 1858 intestino
535 1819 600 1856 con·
627 1808 702 1860 cant.
734 1805 825 1860 latine
855 1806 1025 1862 homencim.
1064 1824 1110 1862 ex-

91 1877 186 1933 tinens
211 1875 420 1947 longitudinem
441 1874 601 1943 palmorum
627 1879 740 1931 tensum
758 1879 788 1930 et
810 1893 899 1944 usquc
918 1877 957 1931 ed
974 1877 1028 1932 ilic
1045 1896 1109 1948 pro-

93 1944 600 2017 quettuorininguinedextrcpartis
627 1947 704 2002 xima
731 1963 837 2002 renum.
869 1947 986 2003 sinistre
1015 1952 1111 2004 cutem

92 2020 215 2089 ponitur.
627 2021 738 2088 partem
761 2017 889 2073 subiacet
912 2019 965 2073 sub
988 2020 1042 2074 hoc
1068 2021 1109 2073 in-

627 2089 765 2145 testinum
798 2089 998 2144 tenuissimum
1034 2092 1110 2160 quod

628 2160 706 2230 greci
723 2159 904 2214 tilonnicium
922 2165 1034 2218 vocant.
1058 2163 1109 2216 sub

628 2233 682 2286 hoc
719 2231 824 2285 collum
865 2232 1013 2287 continens
1049 2233 1110 2288 lon·

629 2317 757 2373 guonem.
