2392 3922
340 207 581 261 Euromsrort
597 207 855 268 FAENOMENON.
1072 207 1115 271 23

73 391 173 434 romm
200 391 324 434 sucum
350 390 424 433 cum
448 371 525 452 oleo,
548 379 598 433 aut
621 371 744 434 ellebori
767 375 846 451 nigri
869 372 1022 451 pulverem
1046 393 1114 435 cum

72 471 163 542 reto,
199 469 260 522 aut
293 459 400 522 solum
429 468 550 522 acetum
578 461 713 540 tepidum
740 468 790 522 out
818 479 886 523 cum
917 461 1005 522 melle
1034 482 1114 523 com-

72 554 208 631 nixtum‚
229 557 292 611 aut
310 551 401 630 porri
421 567 529 611 sucum
548 568 616 612 cum
634 548 709 610 lacte
728 548 868 610 muliebri
887 558 917 611 et
933 551 998 611 oleo
1017 569 1114 633 roseo,

72 650 115 702 rut
137 639 316 720 amygdala
341 656 445 699 amara
469 656 538 699 cum
561 646 643 699 aceto
663 646 693 699 et
712 637 785 699 oleo.
822 645 853 698 et
876 657 947 718 cepa
971 645 1001 700 et
1023 639 1113 701 alium

72 748 132 790 nm
156 728 320 808 adipibus
345 728 499 788 anserinis
522 727 642 806 profuit.
679 745 733 806 par
751 728 840 788 etiam
859 726 943 788 bovis
961 727 1009 788 rel
1029 731 1114 807 porci
1140 739 1154 780 ὅ

72 819 102 879 'el
125 818 281 879 infusum
308 817 482 877 remedium
504 817 682 895 procuravit.

155 909 187 967 si
215 905 405 966 vulneratae
430 922 519 965 aures
541 905 663 984 fuerint,
685 903 833 983 glaucium
852 923 921 966 cum
940 913 1023 966 aceto
1042 924 1112 966 con·
1124 901 1164 963 21

71 999 173 1057 ritum
194 994 369 1074 infundes,
389 995 416 1053 si
434 1001 534 1054 tamen
554 992 638 1053 dolor
656 1010 716 1053 non
735 992 826 1053 fuerit
845 996 939 1054 maior
953 992 999 1054 vel
1018 1013 1112 1055 umor.

71 1104 134 1146 ram
160 1091 197 1146 et
225 1084 313 1144 ferri
337 1083 477 1161 purgatio
501 1100 569 1142 cum
592 1088 675 1142 aceto
698 1083 769 1141 trita
793 1082 880 1142 iuvat.

157 1175 191 1234 si
225 1171 344 1232 audire
371 1171 489 1231 tardius
518 1171 683 1250 coeperint,
716 1169 795 1249 quod
827 1168 948 1230 difficile
977 1172 1155 1230 novimus1⁰

70 1281 157 1344 posse
184 1261 345 1342 purgari,
367 1258 523 1338 pulverem
544 1261 617 1320 nitri
640 1266 671 1319 et
692 1261 832 1320 mastices
853 1261 1016 1320 contritum
1034 1277 1114 1319 com·

70 1355 164 1413 nisce
197 1357 237 1410 et
267 1347 433 1410 mussando
457 1355 546 1427 caput
572 1347 721 1427 purgabis.
767 1350 851 1427 prius
880 1355 980 1408 tamen
1007 1367 1114 1427 purga-

70 1445 189 1502 tionem
204 1438 338 1498 ventris
357 1435 593 1516 procurabimus.
622 1436 745 1497 auribus
759 1455 830 1496 vero
845 1436 986 1498 absinthii
1004 1437 1114 1497 herbae

70 1530 302 1591 decoctionem
334 1525 513 1605 tepefactam
544 1525 691 1587 infundes.
738 1523 815 1586 lauri
842 1524 960 1606 quo'que
987 1525 1057 1586 folia
1086 1533 1116 1586 et

69 1740 193 1790 acetum
219 1776 277 1789 ...
301 1747 400 1786 sucum
426 1730 510 1787 iidem
533 1738 644 1802 praeter
664 1730 710 1788 Or.
819 1731 982 1787 rafanorum
1004 1732 1115 1788 Boeo:

69 1807 170 1862 niani
190 1806 245 1861 br.

146 1876 339 1943 flaut(cum
351 1871 447 1943 melle)
462 1871 557 1928 om.B.
608 1874 701 1927 taut:
716 1875 781 1928 etr.
827 1873 1005 1944 iamigdala
1020 1890 1117 1928 amara

70 1950 145 2005 nor
160 1948 231 2004 Ger,
249 1942 437 2014 (ἀμυγδάλων
450 1951 558 2013 πικρῶν
577 1941 672 1999 ἔλαιον
689 1947 754 2014 prb:
778 1943 929 2014 amigdalis
949 1944 1052 1997 amaris
1070 1944 1115 1998 Or.

70 2026 101 2076 et
116 2022 168 2088 (c.)
183 2019 230 2072 rb
242 2017 322 2072 Get:
341 2014 396 2069 hoc
416 2017 445 2068 et
463 2017 479 2082 (.
492 2060 497 2069 .
509 2060 514 2069 .
524 2014 697 2084 procurabit)
716 2015 751 2069 B.
861 2021 876 2068 5
892 2013 1117 2068 anserinis-bo·

72 2094 117 2146 ris
133 2108 192 2146 om.
206 2089 249 2156 Β,
264 2085 384 2156 profuit
413 2101 466 2156 par
480 2084 566 2139 etiam
580 2102 630 2141 om.
642 2087 685 2140 br.
751 2085 865 2155 profuit.
880 2083 1032 2154 parotium
1044 2086 1116 2140 oet:

73 2163 149 2217 facis
164 2174 287 2231 panem
299 2159 328 2226 (l)
343 2155 431 2210 etiam
447 2154 494 2212 Or.
565 2156 647 2210 boris
661 2156 706 2211 vel
721 2159 760 2226 (et
771 2158 840 2225 aar.)
854 2155 933 2225 porci
943 2155 982 2209 fel
996 2158 1032 2210 rb
1044 2156 1116 2212 oet:

76 2233 121 2288 rel
139 2230 233 2304 porci
252 2227 325 2282 felle
345 2228 373 2281 B
392 2229 466 2296 (cum
484 2226 549 2281 felle
568 2226 680 2281 taurino
701 2229 751 2282 aut
768 2227 882 2297 porcino
904 2227 970 2295 Or).
1045 2226 1118 2280 tin-

77 2306 177 2358 furum
199 2302 233 2356 B
246 2298 403 2367 Gcl.(Or.):
423 2297 553 2353 infundes
573 2298 663 2368 (-dis
680 2301 705 2380 r)
724 2301 768 2354 rb.
845 2296 1001 2352 remedium
1018 2315 1118 2369 procu-

79 2376 156 2429 rarit
178 2373 264 2439 oei,
287 2368 368 2423 -bit
386 2369 435 2423 Br
458 2369 497 2436 (et
519 2370 571 2423 hoc
596 2368 720 2424 remedio
743 2368 907 2439 procurabis
929 2369 998 2438 Ori:
1022 2388 1071 2426 oro.
1093 2373 1115 2424 b.

83 2449 141 2501 iet
156 2450 244 2513 (ante
264 2439 413 2522 glaucium
428 2465 461 2484 =
476 2438 588 2509 glaucia
602 2443 627 2509 r)
641 2442 705 2495 add.
726 2442 749 2495 b.
809 2439 956 2495 8infunde
970 2442 1005 2495 B.
1061 2458 1118 2495 non

83 2517 175 2571 maior
195 2513 297 2569 fuerit
314 2511 419 2580 Beer,
438 2510 528 2565 maior
545 2528 602 2565 non
620 2511 639 2565 f.
658 2529 681 2581 r,
701 2527 757 2564 non
775 2510 794 2565 f.
813 2511 904 2565 maior
922 2513 945 2567 b.
1015 2519 1031 2566 9
1050 2529 1117 2566 nam

85 2592 112 2642 et
129 2587 226 2656 (Or.):
246 2598 319 2637 nam
339 2582 407 2650 oet,
427 2583 457 2634 et
473 2583 518 2649 rb,
536 2580 673 2635 lammina
691 2580 768 2650 (ferri
785 2582 910 2705 purgatip
929 2583 964 2637 B.
1068 2583 1118 2651 (sic

87 2661 148 2714 uda.
166 2657 248 2725 Get.)
268 2654 364 2707 iuvat:
384 2652 557 2707 commodius
571 2652 756 2722 vaporabitur
769 2671 792 2721 r,
812 2669 891 2707 como
912 2653 936 2706 is
956 2654 1119 2722 operabitur

89 2731 184 2799 hfubi
205 2729 367 2796 ueqsumtur
385 2724 479 2778 alieno
492 2726 726 2793 perversorem).
831 2729 864 2776 11
883 2723 951 2778 nitri
970 2726 998 2779 et
1016 2724 1120 2778 mestit

90 2800 176 2854 r-cir
196 2801 226 2867 r)
247 2793 379 2863 ὁτῶν),
398 2792 469 2847 nitri
485 2793 598 2848 mastici
616 2794 688 2849 Gal:
712 2792 780 2847 nitri
799 2794 901 2848 marini
914 2796 943 2849 B
962 2794 1118 2865 (πυρὲθρου

93 2874 138 2926 :at
157 2869 306 2940 μαστίχης
326 2864 390 2920 Gal.
406 2865 457 2919 XI
459 2864 491 2933 V,
509 2868 581 2933 333).
637 2864 789 2919 contritum
799 2865 868 2934 (-ti
882 2866 920 2934 Β)
935 2882 957 2920 c.
973 2866 1118 2945 etBGet:

93 2939 307 3067 {iareim
327 2937 370 2991 a.
402 2935 1119 3076 ..ftatttritlittatftltifzitt

96 3083 203 3139 reatris
227 3076 446 3150 procurabimus
467 3077 524 3132 Ger.
544 3078 627 3147 (Or),
655 3077 733 3160 prius
756 3080 858 3132 tamen'
871 3076 956 3145 (enim
973 3078 997 3142 r)
1020 3089 1120 3142 procu·

97 3156 238 3209 rationem
258 3153 321 3220 (pro
339 3147 510 3217 purgatione
528 3152 553 3217 r)
572 3150 685 3203 ventus.
723 3151 752 3202 et
770 3147 893 3218 corporis
918 3143 1120 3215 purgacionem

99 3227 219 3280 facimus
239 3223 285 3286 br,
305 3220 376 3274 item
394 3221 521 3272 ventrem
539 3219 707 3288 purgatione
724 3217 936 3288 procurabimus
955 3216 990 3269 B.

102 3302 133 3350 lt
155 3291 299 3350 absinthii
317 3290 406 3362 berbg
427 3289 452 3343 d.
472 3289 508 3343 Β,
527 3297 592 3358 post
610 3289 731 3344 absincii
749 3290 844 3359 (herbe
863 3291 887 3356 r)
912 3302 1009 3339 sucum
1028 3287 1120 3341 alieba

102 3372 131 3421 ia
144 3370 207 3424 bcr.
237 3363 343 3419 herbae
358 3358 645 3430 decoctionem—(14)
654 3361 724 3416 folia
738 3378 789 3417 om.
806 3359 873 3425 aei,
886 3359 957 3426 -(p.
968 3361 1011 3426 24,
1022 3362 1048 3427 4)
1058 3373 1121 3429 pro·

103 3437 155 3492 fnit
171 3456 223 3494 om.
244 3437 288 3491 br.
364 3439 400 3486 14
419 3429 536 3484 infunde
550 3432 587 3499 B,
607 3431 686 3486 -dis
703 3432 749 3486 Or.
822 3444 932 3498 quoque
947 3429 987 3484 B:
1007 3446 1057 3484 om.
1075 3431 1121 3485 Or.

105 3513 132 3562 et
146 3509 278 3564 betarum
296 3505 395 3562 Beer.
407 3502 491 3570 (Or.):
511 3503 654 3570 δαφνίδας
671 3521 711 3573 gr.
727 3505 757 3572 (i.
776 3519 797 3557 e.
816 3499 902 3553 bacas
916 3499 1002 3568 lauri,
1027 3503 1073 3556 sed
1086 3499 1122 3567 cf.

108 3579 193 3637 Diooc.
211 3581 244 3636 de
258 3581 336 3647 beto).
