2392 3922
523 115 688 169 LOGICUS.
1047 114 1112 179 129

87 286 179 341 coctas
196 288 229 341 et
242 282 387 341 minutos
404 279 569 360 pisciculos
588 283 705 342 anetina
725 280 849 341 iuscello
868 280 1008 341 decoctos
1026 279 1113 358 plena

88 372 140 430 iam
161 369 354 430 confidentia
379 367 630 450 subministrabo,
652 370 825 448 frequenter
848 371 937 429 etiam
961 387 1029 429 cum
1052 388 1113 430 em·

86 457 229 519 bammate
254 477 296 519 ex
321 456 476 519 oenomeli
497 464 669 536 temperato.
706 456 791 518 lactis
809 458 857 517 his
876 459 961 536 copia
980 459 1113 537 neganda

85 564 140 607 non
166 548 237 607 erit
287 545 435 607 omnibus
463 564 534 606 vcro
565 545 753 607 tensionibus
784 552 853 624 post
884 547 1015 607 tomenta
1046 547 1113 607 cha-

86 634 183 696 lastica
211 654 253 695 ex
283 634 354 695 oleo
389 637 524 714 sicyonio
555 637 760 695 inunctionem
790 633 935 694 adhibebo
966 642 997 695 et
1023 654 1113 714 acopa
1141 648 1155 687 ⁵

87 722 234 804 calidiora,
255 730 289 784 et
314 722 526 803 cataplasmate
550 722 708 784 chalastico
736 723 799 783 loca
827 722 940 784 diutius
963 724 1113 802 mitigabo.

87 819 147 891 post
164 810 339 892 clysterem
357 829 431 872 vero
445 810 647 893 chalasticum,
666 813 810 890 expositis
825 811 960 893 scybala,
979 819 1114 873 chemate

87 903 126 961 uti
141 918 200 962 nos
224 902 395 961 conveniet
419 918 456 960 ex
478 907 576 961 rutato
595 900 660 961 oleo
684 902 843 960 commixto
866 906 1009 961 castoreo.
1045 919 1115 961 con-

87 990 179 1050 veniet
209 990 312 1050 etiam
344 988 420 1049 locis
449 988 486 1049 de
519 988 629 1050 salibus
662 987 765 1049 calidis
794 987 935 1049 adhibere
964 988 1113 1049 saccellos.

88 1096 149 1138 uam
172 1086 205 1139 et
230 1076 423 1138 carbonibus
446 1079 581 1156 proxime
609 1076 774 1138 calentibus
798 1076 891 1137 lectos
915 1083 945 1137 et
973 1079 1114 1136 stramina
1131 1092 1155 1131 10

89 1165 228 1227 calidiora
254 1164 439 1245 procurabo.
486 1168 629 1227 cerotaria
651 1164 699 1227 vel
725 1183 816 1244 acopa
844 1183 880 1226 ex
904 1163 968 1224 oleo
993 1167 1115 1244 cyprino

89 1253 130 1314 his
152 1255 342 1333 [requenter
365 1252 533 1314 adhibenda
556 1262 633 1315 sunt.
675 1262 706 1315 et
724 1252 826 1333 adipes
849 1253 969 1314 leonum
992 1253 1115 1332 galbano

89 1344 246 1403 commixti
269 1360 329 1422 par
351 1341 532 1403 beneficium
550 1348 756 1423 procurarunt.
798 1342 873 1402 dabo
895 1344 983 1403 etiam
1002 1345 1116 1403 interea

90 1434 227 1510 potiones
261 1431 357 1492 huius
390 1430 480 1491 modi.
517 1434 644 1493 castorei
675 1430 829 1510 pulverem
857 1449 924 1491 cum
954 1431 1116 1512 meliorato,

90 1518 273 1599 aliquotiens
307 1521 424 1599 piperis
453 1521 604 1600 quippiam
635 1521 853 1580 intermiscens
904 1519 979 1580 dabo
1007 1520 1116 1581 silfium
1131 1535 1158 1576 15

157 1642 174 1691 1
189 1636 373 1692 decoctosrb
384 1637 457 1692 θεὴ
473 1636 736 1706 discoctos(c'teram)
752 1636 973 1706 VB(orn.Nca.).
1030 1643 1113 1691 tem-

90 1707 238 1762 bammato
257 1709 352 1776 (corr.)
369 1708 428 1763 aar.
444 1709 489 1776 (cf.
503 1713 532 1774 2,
547 1711 601 1778 61),
621 1707 799 1762 amlemmate
813 1709 872 1777 (sic)
886 1725 913 1763 r:
933 1708 1118 1777 emplasmate

98 1779 150 1835 ΓΒ
160 1778 365 1861 (inplasmate)
375 1780 464 1859 plora.
480 1779 596 1860 hilar).
633 1783 650 1832 3
664 1777 804 1833 oenomoli
812 1778 908 1848 raet,
926 1778 1067 1848 ynornelle
1081 1780 1117 1847 B,

92 1848 221 1903 monella
240 1867 265 1904 r.
299 1890 302 1897 .
342 1853 518 1917 osrcyomo:
536 1850 587 1902 ant
604 1848 723 1904 nardino
743 1850 807 1904 add.
823 1851 846 1904 b.
926 1849 1118 1904 inunctionem

94 1921 163 1976 Gela
177 1919 362 1974 iunctionem
375 1919 408 1987 V,
423 1918 585 1974 unctionem
594 1919 678 1991 pr,
693 1937 744 1975 ora.
754 1937 777 1975 r.
860 1919 1001 1974 adhibebo
1019 1921 1117 1975 varta

93 1991 180 2045 -beo
199 1992 255 2045 Bb
270 1989 360 2060 (adim
381 1988 498 2059 labor).
552 2007 642 2060 aeopa
662 1992 711 2058 (sic
736 1991 766 2060 V,
786 2006 876 2059 acopa
894 1993 961 2061 νὸς)
981 1990 1118 2044 calidiora

98 2062 191 2132 l'rpt:
223 2077 298 2130 cepa
325 2008 463 2116 calidiore
482 2062 510 2115 B
528 2063 739 2131 (interpolatam
760 2068 798 2117 est
821 2063 893 2132 qaod
912 2063 1084 2128 sarcitorio
1103 2063 1118 2114 b

93 2149 215 2219 acopum
230 2131 397 2258 {lpoqualqist
454 2132 635 2259 ttmigigaqp:
650 2132 806 2259 geiiicabis
819 2131 1014 2257 pipmedebeqis
1027 2133 1117 2219 dar).

93 2205 1118 2413 stiriapersollicitatitillabo

93 2388 210 2470 -nito
232 2414 414 2483 (-n1uncr).
541 2421 556 2468 o
579 2415 649 2469 roas
673 2415 708 2469 aa
732 2415 968 2484 succurramus
993 2418 1119 2484 ratae,

94 2485 1120 2626 ‘ae'rtatnraaatrcharacteratoatat

93 2631 174 2698 aquia
193 2601 327 2695 conladit
345 2645 407 2682 cam
426 2646 449 2683 o.
465 2631 500 2697 5).
640 2633 672 2681 12
692 2631 735 2683 et:
755 2645 821 2681 nam
840 2630 870 2681 ot
887 2631 999 2698 r(qaod
1017 2648 1068 2700 sep.
1088 2632 1121 2685 de

93 2700 232 2769 adipibus
256 2699 363 2753 leonton
386 2715 472 2767 capra
494 2700 591 2754 habuit
605 2702 620 2754 b
634 2706 696 2768 post
716 2715 806 2769 acopa
829 2697 966 2753 calidiora
980 2708 1032 2755 no*
1052 2719 1121 2767 qaae

94 2771 229 2837 rorrfridr't
252 2786 314 2824 caat
332 2772 426 2838 acopis
443 2787 467 2825 o.
482 2776 533 2838 11,
555 2771 604 2825 abi
623 2771 715 2825 aliena
733 2771 851 2824 addidit.
875 2772 920 2825 la'c
942 2773 1004 2825 itera
1029 2773 1120 2824 alleca

95 2842 190 2895 habet:
211 2842 243 2893 et
261 2838 328 2908 equi
347 2839 446 2909 adipes
464 2857 528 2895 cum
546 2839 641 2895 resina
659 2843 688 2895 et
701 2840 824 2911 galbano
840 2840 936 2908 equali
948 2841 1071 2909 pondere
1090 2839 1121 2894 in

95 2928 185 2964 unum
199 2913 352 2965 recontuse
362 2912 391 2965 ot
404 2911 517 2965 decocto
528 2928 629 2966 nervos
645 2914 673 2966 et
687 2911 843 2982 posteriora
858 2911 980 2980 corporis
995 2909 1121 2963 membra

96 2982 220 3035 inuncta
241 2980 327 3035 solvit
349 2981 435 3051 erigit
458 2983 487 3036 et
509 2982 644 3037 extendit.
681 2982 762 3036 Dabo
785 2982 893 3036 interea
915 2981 1046 3051 pociones
1073 2987 1120 3036 etc.

98 3052 223 3121 galbani
237 3052 477 3121 V(—noBbGel‚
497 3059 570 3106 —nir
588 3056 622 3122 r).
678 3058 710 3107 13
729 3054 915 3121 procurarunt
933 3051 1020 3106 VGel.
1032 3052 1121 3118 (-ra-

98 3125 203 3177 rerunt
217 3125 254 3193 9),
276 3125 375 3178 -rant
388 3124 436 3178 rB
450 3123 618 3192 (-rabisb).
649 3126 740 3194 perpet
756 3141 830 3179 acas
848 3142 875 3178 r:
894 3121 963 3175 Hoc
983 3120 1122 3173 addidit

98 3194 138 3248 de
158 3210 264 3264 greco
286 3193 472 3264 pittacium
490 3197 544 3264 (laic
567 3196 659 3249 alieaa
678 3212 729 3265 seq.
748 3197 780 3248 ia
799 3196 826 3261 b,
850 3196 884 3259 cf.
904 3194 942 3246 ad
959 3210 983 3247 o.
1000 3195 1048 3245 12.-
1070 3194 1120 3245 cci-

99 3267 162 3320 aaa
180 3281 301 3335 neopum
319 3265 504 3336 Hippocratis
517 3284 547 3336 p.
563 3272 610 3333 85,
623 3268 658 3334 1).
745 3264 832 3319 otiam
850 3263 959 3316 interea
984 3262 1006 3313 V
1011 3261 1039 3314 B
1050 3262 1121 3316 Get:

101 3336 214 3390 interea
233 3335 321 3391 etiam
339 3355 363 3392 r.
451 3341 483 3389 15
502 3334 608 3406 piperis
627 3335 774 3405 quippiam
793 3334 917 3402 Milan),
936 3330 1041 3401 piperis
1061 3331 1123 3399 qui-

102 3407 180 3476 piam
199 3409 298 3464 chl.:
325 3406 433 3478 piperis
452 3409 512 3475 (om.
536 3406 692 3477 quippiam)
712 3407 747 3475 V,
771 3405 851 3475 piper
872 3402 917 3456 his
937 3403 965 3456 B
979 3402 1069 3472 (piper
1087 3406 1123 3474 p).

101 3484 254 3548 sequantur
271 3481 332 3535 alia
350 3479 471 3533 remedia
490 3480 521 3531 ia
540 3480 562 3532 b.

154 3579 286 3621 Theodorus
300 3578 444 3625 Priscianus,
460 3576 495 3617 od.
510 3577 589 3617 Bosa.
947 3569 962 3618 9
