2392 3922
70 155 136 221 312
405 124 753 235 renunc-nuaouom
855 206 859 213 ,
960 178 966 187 -

335 310 383 364 Ad
396 310 440 377 II,
455 313 491 363 10
510 311 570 376 (31)
589 307 636 362 De
654 305 810 376 spasmis.

144 434 171 445 ..
189 435 194 446 .
210 388 347 444 Omnibus
366 405 432 443 vero
451 386 629 443 tensionibus
647 388 713 457 post
730 385 858 441 fomenta
880 385 1044 442 chalastica
1062 404 1094 442 ex

71 473 134 528 oleo
153 469 280 540 sicyonio
299 471 350 524 aut
367 466 487 546 nardino
506 466 670 541 unctionem
687 465 847 535 adhibebo,
866 467 896 521 et
915 483 1009 537 scopa
1027 467 1093 531 cali-

72 551 153 605 diora
171 567 206 604 ex
220 548 283 604 oleo
298 548 414 618 cyprino
434 547 571 603 coniecta.
598 563 665 601 nam
681 544 686 612 Ι
702 548 739 616 (p.
754 548 800 616 85)
814 547 845 600 ot
858 545 961 616 adipes
980 546 1094 602 leonum

45 631 196 701 ogalbano
215 628 299 684 mixti
316 646 369 697 par
387 628 556 684 beneficium
579 627 787 698 procurarunt]
815 628 845 681 et
869 627 1017 698 a'oopum
1033 628 1094 682 hoe

72 708 300 780 Hippocratis
319 725 375 777 quo
393 726 461 762 usus
481 710 525 763 est
543 708 581 762 ad
604 706 722 764 cervicis
746 706 858 762 dolores
882 709 913 762 et
936 707 976 762 ad
994 725 1092 763 nervos

73 790 215 861 obligatos
240 793 269 844 et
294 790 332 844 ad
360 804 472 843 omnem
500 787 643 843 duritiam.
678 785 757 842 faeni
783 786 881 861 graeci
907 786 1093 856 heminaml,

73 871 205 926 althaeae
224 869 352 924 radicum
366 867 599 939 manipulumssuel
611 866 810 936 fasciculuml,
824 883 918 936 aquae
938 871 1039 938 cyatos
1048 868 1092 922 111.

74 966 176 1019 coques
201 950 238 1004 ad
265 949 374 1004 tertias.
403 946 463 1002 vini
487 944 592 1001 veteris
619 946 744 1016 cotylam
761 947 789 1016 I,
817 946 875 1002 olei
897 948 1006 1004 veteris
1025 949 1092 1016 351,
1137 942 1140 947 ’

33 1043 60 1083 ro
74 1047 156 1086 cerae
173 1031 269 1100 pondo
282 1030 318 1098 ll,
336 1028 447 1083 resinae
466 1026 556 1081 frixae
573 1026 668 1096 pondo
687 1027 721 1096 H,
740 1025 860 1096 galbani
877 1040 915 1088 ÷
928 1028 964 1084 H.
991 1044 1093 1097 coques

73 1113 104 1166 in
123 1110 182 1165 olla
199 1109 282 1164 fictili
300 1107 410 1163 tamdiu
427 1121 572 1175 quousque
591 1122 622 1161 se
634 1106 781 1175 misceant,
796 1106 929 1162 conficies
948 1111 979 1163 et
997 1108 1093 1164 uteris.

75 1193 117 1264 [et
127 1189 333 1259 cataplasmate
343 1186 498 1242 chalastico
509 1185 573 1240 loca
583 1185 690 1241 diutius
700 1186 847 1258 mitigabo.
867 1185 936 1259 p'ost
945 1188 1094 1258 clysterem

74 1287 141 1325 vero
152 1262 351 1323 chalasticum.
359 1283 452 1322 ..nam
461 1269 491 1320 et
500 1265 671 1321 carbonibus
679 1267 806 1337 proxime
816 1266 980 1323 calentibus
990 1268 1094 1324 lectum

76 1347 262 1417 straminabo]
292 1349 321 1400 et
348 1345 414 1413 equi
442 1345 541 1415 adipes
569 1362 634 1400 oum
656 1344 754 1421 'resina
776 1347 806 1400 et
828 1345 956 1415 galbano
980 1346 1102 1416 aequali·

33 1427 197 1496 repondere
221 1425 252 1478 in
275 1442 362 1478 unum
385 1427 521 1480 contusae
540 1428 569 1480 et
593 1426 727 1480 decoctae
753 1441 854 1480 nervos
878 1429 908 1481 et
935 1427 1095 1497 posteriora

75 1504 198 1573 corporis
217 1503 352 1562 membra,
364 1503 481 1559 inuncta
498 1504 612 1559 solvunt
631 1504 744 1575 erigunt
762 1507 792 1560 et
809 1507 975 1564 extendunt.
1001 1509 1095 1580 [Dabo

74 1585 184 1639 interea
202 1584 333 1652 potiones
353 1584 523 1640 huiusmodi.
553 1584 675 1640 castorei
690 1583 837 1654 pulverem
853 1602 919 1640 curn
936 1587 1094 1661 melicrato,
1118 1652 1121 1659 ⁴

74 1663 246 1732 aliquotiens
268 1663 375 1733 piperis
399 1663 546 1733 quippiam
569 1663 786 1737 intermiscens]
815 1664 855 1719 sio
879 1668 909 1720 et
926 1665 1032 1721 lotium
1049 1684 1094 1721 oa-

74 1744 187 1815 prinum
205 1743 286 1814 potui
305 1743 434 1814 tepidum
453 1743 552 1797 datum
570 1743 746 1798 ualidissime
759 1746 883 1815 prodest.
911 1744 953 1800 sio
972 1746 1094 1802 castorei

34 1836 60 1876 2ο
73 1824 179 1895 piperis
194 1841 250 1879 ana
263 1824 334 1883 ÷1.
358 1823 443 1878 simul
456 1823 557 1878 tritum
575 1823 697 1893 colliges⁴
707 1841 772 1879 oum
789 1824 881 1894 melle,
901 1825 1008 1882 animm
1028 1827 1093 1882 inde

74 1922 161 1960 unum
187 1903 358 1960 coclearium
385 1907 415 1959 et
439 1903 521 1974 potui
549 1920 614 1957 cum
643 1920 718 1972 aqua
745 1898 870 1958 calidur‘n
899 1904 991 1960 dabis.
1026 1906 1094 1961 item

74 1985 204 2054 castorei,
223 1984 338 2057 piperis,
349 1984 417 2054 albi,
436 1981 602 2054 petroselini
620 1999 676 2037 ana
693 1983 764 2043 ÷1.
783 1983 883 2038 tritum
902 1985 1011 2055 optime
1031 2003 1094 2042 cum

74 2065 158 2120 melle
177 2065 294 2135 colliges
314 2067 343 2118 et
361 2063 462 2118 exinde
481 2081 545 2118 eum
563 2079 638 2131 aqua
653 2063 778 2117 calidum
791 2063 872 2134 potui
889 2065 974 2121 dabis
988 2067 1093 2122 ieiuno.

76 2145 169 2217 [Dabo
194 2149 223 2201 et
247 2144 350 2200 silfium
374 2161 438 2199 cum
460 2144 577 2214 pipere.
595 2144 794 2214 ..procurabo
822 2143 912 2199 etiam
934 2145 1094 2201 calidarum

34 2235 60 2275 su
75 2224 122 2278 vel
140 2224 309 2279 balnearum
326 2223 465 2278 beneficia
486 2223 661 2292 frequentius
685 2223 827 2279 adhibebo
845 2225 879 2278 ut
898 2225 1012 2294 possint
1030 2231 1096 2298 post

75 2307 136 2358 tam
155 2321 271 2359 saevam
289 2303 497 2373 aegritudinem
515 2305 668 2375 reparare]
775 2322 777 2327 ’

127 2384 197 2436 -Ad
227 2383 338 2437 telum
366 2383 424 2437 vel
456 2383 499 2437 ad
529 2375 732 2453 sanguinem
764 2383 974 2439 erraticum..
997 2385 1096 2441 Perso-

74 2461 174 2516 naciae
193 2463 298 2516 herbae
317 2463 399 2517 radix
422 2479 486 2516 cum
509 2463 634 2532 axungia
656 2462 746 2518 veteri
769 2465 886 2517 contusa
905 2465 935 2517 et
957 2463 1096 2535 imposita

18 2606 24 2614 ἡ
74 2543 165 2595 sanat.
194 2541 287 2609 picem
304 2540 445 2610 virginem
463 2541 494 2595 in
512 2542 641 2597 chartam
663 2560 764 2613 puram
782 2542 906 2612 induces,
926 2547 956 2598 et
974 2545 1096 2616 sulphur

35 2630 61 2669 sc
76 2619 173 2672 vivum
196 2621 226 2673 et
249 2619 356 2672 nitrum
383 2620 484 2674 tritum
506 2638 723 2693 superasperges
747 2626 776 2678 et
803 2622 928 2678 calidum
954 2624 1094 2696 impones.

73 2697 192 2752 herbam
219 2697 323 2752 filicem
351 2697 456 2754 siccam
482 2703 585 2756 tundes
621 2706 650 2758 et
677 2703 802 2773 pulveris
830 2703 890 2758 eius
922 2705 1095 2761 coclearium

73 2778 189 2848 plenum
207 2778 302 2834 ieiuno
322 2795 386 2833 cum
403 2779 470 2834 vino
490 2781 580 2838 dabis.

147 2954 163 3002 3
183 2964 272 3017 aeopa
291 2947 442 3004 calidiora:
461 2952 505 3006 bic
519 2953 870 3021 propter-homoioteleuton
883 2968 973 3021 acopa
987 2957 1095 3018 ,transit

74 3022 112 3074 od
131 3021 208 3091 loape
227 3020 306 3087 iufra
324 3037 368 3089 ap.
392 3021 442 3075 Tb.
461 3025 607 3092 seqcccutiu.
627 3025 661 3090 cf.
681 3039 767 3090 sopra
785 3021 867 3088 adp.
884 3027 948 3089 129,
966 3027 1011 3079 12.
1072 3028 1088 3097 J

76 3091 222 3146 5mixtos.
242 3108 294 3160 par
309 3091 332 3145 b.
382 3093 548 3161 procurabis
563 3095 586 3148 b.
638 3089 815 3161 sypoeratis
834 3092 911 3157 quod
926 3095 949 3148 b.
997 3096 1093 3168 Saltp

75 3160 134 3215 rad'
155 3165 178 3218 b.
245 3168 276 3216 11
297 3161 399 3216 tandiu
418 3164 441 3218 b.
504 3163 623 3218 misceat
640 3164 664 3218 b.
728 3159 842 3214 conficis
862 3163 885 3216 b.
960 3170 994 3217 12
1014 3169 1094 3221 eata·

74 3231 186 3301 plasma
205 3232 384 3287 calastieab.
472 3239 505 3288 15
524 3235 671 3304 recontuse
690 3233 714 3287 b.
806 3236 840 3285 16
860 3232 953 3288 solvit.
974 3236 1043 3310 erig.
1064 3242 1094 3293 et

76 3303 205 3357 extendit
224 3305 246 3357 b.
339 3307 373 3356 20
393 3303 492 3358 eximis
512 3307 535 3360 b.
625 3307 658 3357 21
674 3301 695 3356 Ι.
710 3303 780 3354 coel.
796 3302 819 3355 b.
902 3309 936 3357 22
956 3305 976 3360 Ι,
997 3323 1047 3363 oon.
1067 3312 1091 3364 b,

13 3397 18 3404 ·
74 3377 108 3424 23
128 3371 179 3426 cal'
201 3375 224 3428 b.
271 3372 415 3428 adhibebo
434 3382 481 3430 etc.
500 3377 576 3431 sich
622 3379 657 3426 27
675 3373 767 3428 eodem
789 3373 846 3425 iaus
864 3389 950 3442 supro
968 3382 1093 3448 osm'pto

75 3442 164 3510 lepisti
177 3444 298 3512 capitulo
308 3443 347 3496 IV
362 3443 396 3497 de
410 3443 568 3513 pleuriticis
580 3445 676 3514 (ραιιῑο
689 3443 771 3497 aliter
784 3459 818 3496 ca
852 3448 931 3511 esso).
986 3453 1020 3500 29
1031 3466 1092 3503 sur-

73 3509 119 3563 fur
138 3514 160 3566 b.
235 3517 269 3564 30
288 3512 414 3582 aspergis
431 3559 436 3570 ,
452 3558 458 3570 ,
475 3559 480 3570 ,
495 3514 589 3584 iponis
609 3517 656 3571 la·
723 3517 921 3591 31¹puuerem
939 3516 962 3570 b.
