2392 3922
435 184 596 235 1111011
613 185 763 238 arunas.
1044 186 1111 249 473

93 339 317 409 dispensaverit,
340 340 429 394 bilem
452 341 571 410 excitat,
598 357 682 408 quem
705 343 858 396 admodum
876 342 1005 398 faucibus
1024 344 1111 414 inspi-

93 437 151 474 rare
171 419 257 474 solet.
280 421 366 475 modo
390 419 499 474 acidior
521 420 669 475 infundere
693 422 889 493 conponimus,
913 427 951 477 ut
970 424 1054 493 dixi,
1074 426 1112 477 ad

94 499 234 554 stomachi
254 499 411 555 arbitrium.
437 502 474 554 ad
496 500 574 554 illius
598 501 775 556 voluntatem
793 519 893 572 corpus
917 506 1013 558 autem
1031 505 1111 558 testi-

93 580 187 634 monio
207 580 370 635 honoretur.
397 580 469 634 illud
488 580 576 634 etiam
598 580 759 648 ftequenter
777 583 908 653 vidimus,
928 584 1031 652 quibus
1055 589 1111 638 610-

93 659 210 714 machus
224 659 257 712 in
275 676 362 714 causa
377 660 471 728 fuerit,
490 660 579 714 barbe
593 660 653 714 eius
668 662 786 715 celerius
801 680 924 718 crescere
944 663 1043 719 solent.
1062 667 1112 719 sed
1138 677 1151 718 5

93 757 156 794 101
175 742 262 808 puto
282 756 353 809 ego.
373 740 446 793 illud
464 742 560 793 tamen
574 739 696 794 veritate
710 741 906 810 magisterium
920 742 982 811 erit,
1001 746 1034 797 ut
1048 760 1112 798 cum

95 819 258 874 stomachus
277 819 398 874 alicuius
413 819 485 874 bilia
503 819 649 888 receperit,
668 837 782 874 necesse
796 825 840 875 cst
854 825 886 875 ut
899 821 1006 876 habeat
1019 825 1112 877 totum

95 916 193 968 corpus
217 900 374 972 secundum
400 899 594 953 infirmitatem
618 899 726 953 domini
749 903 799 954 aut
822 900 1015 969 ariguendum.
1043 904 1111 955 tunc

94 979 190 1048 itaque
215 979 409 1034 succidentem
433 979 523 1033 aciem
547 997 616 1048 quos
639 981 835 1034 incontexerat
858 981 1044 1034 decrescendo
1068 980 1112 1034 uti

93 1059 196 1114 texerit
214 1059 347 1129 capillus,
365 1059 501 1114 videlicet
516 1077 573 1114 non
586 1060 675 1114 barbe
689 1059 767 1113 illius
781 1059 955 1129 prodierunt,
975 1060 1025 1112 sed
1039 1059 1110 1112 cari·
1124 1075 1151 1113 10

93 1139 181 1193 barba
202 1139 340 1194 subsedit.
360 1156 435 1193 nunc
459 1140 580 1209 denique
598 1139 736 1209 pellentes
760 1140 798 1193 ad
821 1139 997 1193 stomachum
1016 1139 1111 1192 cibum

94 1222 121 1273 et
149 1219 232 1289 potio
266 1220 454 1290 deducuntur,
483 1219 679 1290 adpromtione
706 1218 838 1272 faucium.
871 1219 921 1286 qui
949 1219 1109 1272 stomachus

93 1299 285 1368 principatum
302 1299 392 1354 habet
410 1300 543 1354 faucium.
562 1299 700 1368 incipiens
720 1301 866 1367 agutture
886 1298 1015 1368 adsurgit
1034 1299 1110 1366 quod

95 1377 221 1447 claudat,
255 1395 309 1432 nec
336 1378 482 1448 aperiendi
513 1382 685 1448 potestatem
713 1379 808 1433 habet.
834 1380 909 1433 unde
941 1396 992 1448 per
1018 1381 1111 1432 totum

95 1458 266 1513 consortium
285 1458 477 1529 cartelagibus
497 1459 662 1514 contexitur.
687 1475 741 1527 que
765 1459 795 1512 in
814 1476 843 1513 66
867 1459 1027 1514 reducendo
1046 1458 1110 1512 ideo
1125 1469 1150 1509 15

94 1537 170 1608 volit,
196 1540 227 1593 et
249 1542 393 1592 revertens
417 1540 571 1593 secundum
593 1542 747 1607 occupatus
777 1538 881 1594 deiciet
904 1539 984 1594 cibus
1008 1542 1037 1593 et
1060 1556 1111 1592 sua

93 1634 228 1686 pressura.
253 1618 393 1687 quidam
415 1619 541 1673 medici
564 1622 668 1688 putant
690 1636 741 1688 per
763 1637 849 1672 unam
871 1623 982 1688 partem
1005 1619 1036 1671 in
1055 1622 1111 1672 610-

94 1696 223 1751 machum
236 1696 310 1752 ferre
323 1697 469 1767 potionem
483 1701 512 1752 ct
525 1715 576 1767 per
594 1698 681 1752 aliam
696 1700 798 1754 cibum.
818 1700 890 1753 abeo
905 1704 1000 1753 autem
1015 1714 1110 1752 omnes

95 1777 227 1832 materias
252 1777 379 1832 ciborum
402 1777 448 1832 vel
471 1780 555 1847 potus
578 1795 629 1848 per
652 1778 767 1832 unicum
789 1778 918 1832 canalem
942 1778 1057 1832 deferre.
1082 1779 1111 1829 et

94 1857 257 1912 turminosis
276 1874 307 1912 66
325 1857 415 1912 multa
435 1858 578 1912 adiutoria
591 1875 642 1928 per
659 1857 804 1927 potionem
819 1858 915 1911 datam
934 1857 1109 1927 profuerunt,
1124 1869 1150 1907 10

95 1937 159 2004 quia
179 1941 209 1992 61
228 1937 289 1992 illic
309 1938 506 2007 descenderat,
527 1955 582 2006 quo
605 1941 635 1992 61
658 1938 715 1992 cibi
738 1939 931 2006 pervenerant.
952 1935 1109 1990 cauculosis

94 2034 155 2072 vcro
176 2018 430 2088 estrangilosisque
456 2020 542 2087 atquc
565 2017 728 2087 hydropicis
750 2033 802 2086 per
824 2016 903 2070 cibos
921 2014 1110 2070 medicamina

94 2096 200 2152 iubant.
222 2114 257 2152 ex
276 2115 331 2165 quo
350 2097 500 2151 manifeste
519 2097 664 2168 colligitur
686 2114 742 2151 uno
766 2095 867 2150 itinere
886 2095 980 2149 cibum
998 2097 1110 2163 potum-

92 2194 143 2244 que
164 2177 283 2232 deferre.
307 2177 380 2231 illud
403 2181 499 2231 tamen
523 2178 641 2232 interest
660 2178 736 2246 quod
755 2176 812 2230 cibi
835 2175 953 2243 tardius,
979 2176 1109 2227 humores

92 2256 211 2312 celerius
237 2257 407 2312 deferuntur.
431 2257 552 2325 ideoque
572 2257 685 2311 suavior
709 2259 752 2310 est
776 2255 884 2310 sitienti
906 2256 1005 2323 potum
1023 2271 1108 2322 quam
1123 2264 1150 2305 ao

163 2485 288 2540 lbilem
311 2487 342 2555 U,
362 2486 449 2540 uilem
470 2487 600 2542 (11111166
620 2488 651 2541 P.
741 2487 894 2542 2601111),
986 2485 1110 2540 accidior

95 2559 159 2614 UG.
254 2557 446 2626 componimus
468 2557 501 2613 G.
593 2559 688 2613 baius
713 2560 745 2628 U,
764 2558 832 2612 acius
851 2559 888 2613 P:
908 2557 984 2612 enim
1004 2558 1037 2611 G.

90 2629 211 2683 criscere
226 2628 259 2682 P.
333 2627 434 2682 tillut
453 2629 513 2683 PG.
604 2629 755 2684 veritatem
774 2630 806 2684 P.
881 2632 1056 2683 ‘istomacus
1075 2628 1108 2682 P.

142 2699 249 2753 biliare
264 2699 370 2768 ceperit
381 2699 415 2755 G.
472 2705 487 2752 8
503 2703 553 2754 aut
568 2700 755 2770 arigucndum
765 2702 805 2756 P:
820 2703 871 2754 aut
885 2699 1063 2770 arigiendum
1077 2700 1108 2766 U,

89 2773 126 2825 ad
146 2769 347 2839 aurigicndum
368 2771 413 2825 G.
475 2771 692 2825 9dccriscendo
712 2773 744 2825 P.
828 2769 1109 2839 1016161111ρῦ-

88 2841 131 2895 los
157 2841 222 2897 1111.
280 2846 313 2893 12
331 2841 412 2910 putio
432 2842 465 2895 P.
526 2843 702 2896 deducantur
725 2842 782 2896 UG
872 2840 1058 2910 adproptione
1075 2840 1107 2893 G.

90 2920 122 2965 12
143 2911 229 2966 habit
248 2911 280 2966 P.
361 2918 395 2965 14
413 2912 522 2967 habent
541 2914 573 2968 P.
648 2919 681 2966 15
701 2912 749 2980 qui
771 2913 803 2967 G.
877 2910 1030 2964 reducendi
1049 2910 1108 2964 idio

88 2982 163 3037 volit
182 2983 216 3051 P,
236 2983 396 3037 reducendo
415 2983 480 3038 ideo
499 2982 596 3037 volens
621 2983 684 3038 UG.
821 2988 854 3036 17
874 2981 1019 3035 stomacho
1043 2981 1107 3035 UG.

89 3061 122 3108 19
143 3053 295 3107 macterias
315 3055 348 3108 P.
440 3054 575 3122 cyborum
594 3054 626 3108 P.
717 3053 812 3122 potius
832 3053 864 3108 P.
956 3050 1055 3105 canale
1074 3053 1107 3105 P.

88 3132 123 3178 20
143 3123 308 3179 turminosis
326 3125 330 3196 l
347 3142 376 3179 se
391 3126 424 3193 P,
443 3125 638 3178 turminosisse
662 3126 689 3179 U
692 3124 724 3179 G.
779 3124 870 3177 multa
884 3122 975 3176 multa
990 3125 1058 3191 (bia)
1073 3123 1107 3177 P.

88 3203 120 3249 21
144 3195 326 3250 discenderet
344 3197 381 3251 P:
402 3197 607 3250 descenderunt
630 3196 693 3251 UG.
768 3212 823 3262 quo
842 3196 879 3249 P:
898 3193 948 3247 ubi
972 3193 1035 3248 UG.

87 3266 248 3321 caucolosis
268 3267 336 3321 PU.
411 3273 444 3320 22
464 3284 530 3321 1610
550 3268 587 3323 P:
606 3284 657 3322 om.
679 3266 745 3321 GU.
806 3269 835 3320 ct
849 3263 1004 3333 strangosis
1026 3264 1059 3331 G,
1079 3267 1108 3318 et

87 3336 265 3407 estrangosis
290 3338 317 3392 U
333 3341 397 3406 (que
416 3355 467 3393 0111.
492 3337 561 3408 1111).
661 3337 795 3405 idropicis
820 3336 883 3391 UG.
975 3334 1054 3388 cibus
1075 3336 1106 3388 P.

87 3416 123 3464 23
143 3408 291 3463 manifesti
310 3409 376 3463 PU.
450 3409 601 3478 collegitur
620 3410 652 3463 P.
708 3408 779 3462 itere
798 3408 830 3463 P.
903 3408 1058 3475 putumque
1074 3405 1106 3459 P.

86 3488 123 3535 24
142 3480 210 3534 illut
221 3480 253 3534 P.
309 3481 438 3534 homores
454 3481 481 3534 U
484 3479 517 3535 G.
578 3479 741 3535 1561161101
760 3481 803 3533 est
817 3479 844 3533 11
848 3478 885 3534 G:
906 3475 1065 3531 suaviorem
1074 3476 1108 3531 P.

86 3551 204 3606 sicienti
223 3551 256 3604 P.
329 3554 430 3619 putnm
449 3551 481 3604 P.
