2392 3922
136 195 201 261 262
448 198 829 253 rsuuuo-rnnouonus

133 370 274 425 consueto
289 382 377 424 renes
397 365 459 424 sive
479 363 574 424 lumbi
592 363 726 425 laborare
742 381 811 425 curn
829 367 992 445 coeperint,
1016 365 1149 425 dolorem

133 454 233 514 statim
256 459 408 533 generant,
431 453 567 513 vehiculo
591 456 681 514 ctiam
704 455 730 512 si
754 460 933 513 commotum
956 471 1066 532 corpus
1090 454 1148 513 col-

132 539 258 602 liserint.
305 559 379 620 quae
404 540 508 601 eadem
531 544 630 602 vesica
653 541 774 602 dilticile
804 549 833 601 ct
865 541 1058 602 cumdolore
1084 561 1148 602 san-

131 629 335 707 guinolentam
367 632 485 690 urinam
513 631 592 691 lacit.
638 637 669 690 et
701 649 768 690 cum
801 632 913 708 gemitu
946 630 1067 709 quidam
1101 650 1149 690 er-

105 717 253 779 ocludere
273 718 405 779 volentes
423 736 478 798 pro
494 718 566 779 lotio
587 719 729 797 quasdam
747 719 951 797 mucillagines
971 721 1148 798 exprimunt.

130 808 200 885 pori
222 809 312 868 etiarn
330 814 452 868 naturae
473 810 567 886 ipsius
591 807 742 868 interdum
759 808 931 887 potionibus
951 807 1079 867 assiduis
1099 808 1149 867 do-

130 893 226 956 lorem
250 895 443 956 accumulant.
490 896 547 957 hoc
569 898 675 956 vitium
699 903 729 956 et
750 903 886 957 ventrem
909 899 1056 975 stringere
1081 912 1149 956 con*-

132 986 230 1045 suevit
244 991 274 1044 et
293 983 429 1064 scapulae
449 1003 593 1062 generare
613 984 755 1045 dolorem.
789 985 939 1045 conclusis
958 987 1051 1062 igitur
1065 1003 1149 1063 prae-

131 1072 238 1133 focatis
265 1072 394 1133 aditibus
418 1079 451 1133 ut
474 1076 565 1133 ctiam
588 1080 694 1134 ventus
717 1073 804 1134 reddi
826 1091 886 1133 non
909 1075 1018 1154 possit,
1041 1075 1150 1132 nimios

92 1181 119 1223 10
133 1161 253 1223 dolores
284 1163 438 1240 patiuntur
469 1179 530 1222 non
562 1168 678 1223 tanturn
709 1164 825 1222 vesicae
859 1168 1002 1240 quantum
1034 1163 1149 1221 vicinae

122 1253 239 1333 ‚partis,
266 1267 354 1311 renes
377 1247 532 1328 lumbique
555 1269 662 1329 magno
685 1251 817 1329 pondere
843 1256 1015 1328 gravantur,
1043 1249 1097 1310 sed
1121 1258 1151 1308 et

130 1337 182 1397 ilio
203 1340 325 1399 sinistro
344 1345 467 1399 tonsura
486 1338 643 1417 aliquando
663 1346 693 1399 et
712 1339 816 1399 dextro
840 1337 1037 1397 intolerabilis
1057 1337 1150 1417 dolor,

129 1428 339 1488 rciactationcs
359 1429 449 1487 etiam
466 1426 699 1507 subsequuntur,
719 1425 827 1505 quibus
842 1427 1012 1486 stomachus
1027 1436 1150 1487 vexatus

129 1516 221 1575 etiam
249 1514 393 1575 febricula
421 1521 565 1575 movetur.
612 1515 744 1575 confusis
777 1516 878 1592 itaque
911 1514 1017 1574 crebro
1047 1515 1150 1574 dolore

89 1623 117 1664 rs
131 1620 256 1682 corpore
276 1611 306 1664 et
324 1605 421 1663 anima
442 1602 591 1681 aliquibus
610 1605 700 1663 etiam
718 1620 803 1662 mens
822 1601 976 1661 alienatur.
1009 1604 1149 1664 assiduus

130 1692 271 1753 incursus
290 1691 400 1751 doloris
420 1698 449 1751 et
468 1693 527 1751 iter
545 1690 697 1751 intercidit
715 1697 745 1751 ct
765 1689 879 1750 vultum
898 1708 1032 1749 macrum
1052 1691 1150 1752 faciet.

130 1782 158 1841 is
181 1788 211 1841 et
234 1781 390 1859 agrypnias
413 1780 470 1839 hoc
494 1787 539 1840 est
556 1779 672 1858 vigilias
695 1785 834 1859 praestat,
858 1784 888 1837 ct
910 1777 1068 1837 ardoribus
1093 1781 1151 1840 hoc

132 1876 179 1930 est
206 1871 257 1930 siti
290 1874 383 1946 urget.
430 1867 509 1929 unde
538 1869 712 1947 frequenter
738 1869 936 1945 inquietatum
964 1884 1083 1944 corpus,
1104 1870 1150 1927 in-

91 1980 117 2020 re
131 1956 261 2019 validum
284 1957 420 2017 efficitur.

99 2052 120 2114 2
220 2048 320 2124 itaque
343 2047 375 2104 in
399 2044 501 2105 dolore
524 2047 701 2106 interiorum
718 2045 776 2105 hoc
799 2061 908 2123 genere
926 2043 1149 2104 boethenratum

204 2221 224 2269 1·
238 2232 319 2270 renes
339 2214 398 2270 sive
417 2234 445 2272 r:
466 2232 546 2270 senes
566 2215 652 2274 suit.
708 2231 773 2270 curn
791 2233 842 2272 om.
863 2217 886 2271 b.
942 2213 1148 2269 2Vel1iculo-

131 2285 267 2355 (3)dolore
286 2303 336 2342 om.
356 2289 379 2342 b.
461 2287 520 2342 sive
539 2287 680 2341 commotir
699 2303 800 2357 corpus
818 2304 841 2342 r.
915 2291 930 2339 3
950 2285 1149 2356 sanguinulen-

130 2359 232 2426 tumr,
253 2363 324 2429 sung
343 2358 366 2411 b.
458 2363 476 2410 4
494 2356 603 2412 faciant
622 2359 645 2412 b.
749 2359 912 2413 et-volens
931 2359 990 2426 (sic)
1008 2374 1036 2412 rt
1055 2374 1105 2411 om.
1126 2358 1148 2410 b.

131 2428 260 2497 quidum:
276 2428 436 2497 quodamr.
491 2427 639 2483 occludere
653 2447 675 2484 r.
727 2430 880 2497 5quodem
893 2427 1089 2498 mucillagines
1105 2443 1150 2481 ex-

129 2498 290 2567 primuntur
307 2519 331 2570 r,
350 2499 475 2567 quedam
493 2498 706 2568 mucillaginem
726 2500 886 2570 exprimunt
905 2502 928 2555 b.
1015 2505 1032 2553 6
1050 2497 1150 2553 Pori-

130 2569 253 2624 assiduis
272 2587 323 2625 om.
344 2571 433 2638 tuabi
451 2571 539 2639 diupi.
560 2572 589 2623 et
607 2569 658 2624 dot
677 2576 754 2635 acci.
830 2578 845 2626 7
865 2573 894 2625 et
911 2587 961 2625 om.
981 2571 1005 2624 b.
1068 2569 1149 2622 strin-

129 2656 197 2709 gere
215 2643 245 2696 b:
265 2641 408 2696 abstinere
426 2659 448 2695 r.
558 2645 574 2693 8
595 2640 700 2711 scapul'
721 2661 748 2711 g.
768 2642 894 2696 dolorem
912 2642 940 2694 b:
967 2640 1084 2708 scapula
1103 2656 1150 2709 ge-

129 2727 229 2766 nerare
248 2730 271 2767 r.
363 2710 666 2766 conclude—aditibus
685 2731 713 2768 r:
733 2731 783 2767 om.
803 2715 826 2767 b.
882 2715 898 2762 9
916 2710 949 2760 ut
966 2725 1018 2762 nec
1033 2712 1151 2762 ventum

30 2782 38 2796 ⁹
129 2798 231 2850 parum
249 2782 367 2837 reddere
384 2782 495 2851 possint
515 2784 538 2838 b.
611 2785 696 2838 vento
715 2801 738 2838 r:
810 2777 1038 2858 nimios—,partis
1057 2795 1108 2833 om.
1125 2783 1148 2833 b.

130 2858 165 2906 10
183 2852 279 2908 vesica
296 2872 319 2910 r.
426 2859 457 2906 11
478 2853 528 2907 sed
547 2871 597 2908 om.
616 2856 641 2910 b.
740 2858 773 2906 12
792 2851 841 2905 ilio
860 2869 882 2918 r,
901 2846 960 2915 yho
979 2848 1033 2924 b..
1096 2849 1148 2901 aii-

129 2922 241 2991 quoties
261 2925 285 2978 b.
365 2922 823 2992 intollerabilis-subsequuntur
839 2939 867 2975 r.-
885 2913 1062 2971 intolerabrle
1082 2933 1147 2969 nas-

129 2993 204 3047 citur
222 2996 246 3050 b.
320 2999 353 3049 13
372 2993 569 3049 rciactationis
587 3015 609 3051 r.
683 2992 784 3062 quibus
802 3009 830 3047 r:
849 2988 923 3044 unde
942 2987 966 3041 b.
992 3056 998 3068 ·
1027 2988 1145 3068 vexatus

129 3063 217 3118 etiem
235 3063 255 3119 i.
274 3082 311 3120 m.
329 3083 358 3122 r:
376 3066 504 3120 vexatur.
525 3068 554 3121 et
572 3083 590 3120 a
608 3065 676 3119 febr.
692 3082 728 3120 m.
743 3065 767 3119 b.
839 3066 873 3114 14
891 3057 1147 3114 confusis-anima

128 3151 180 3190 om.
200 3137 225 3192 b.
324 3141 358 3189 15
377 3132 535 3202 aliquibus:
555 3136 656 3205 quibus
676 3133 763 3189 etiam
781 3151 804 3201 r,
822 3129 985 3201 Aliquocies
1005 3131 1034 3183 et
1052 3131 1076 3184 b.

130 3204 261 3260 assiduos
280 3205 334 3262 inc.
354 3205 465 3260 dolores
485 3208 515 3259 et
533 3207 589 3260 iter
605 3202 751 3260 intercidit
769 3204 830 3273 (cic)
848 3221 875 3259 r:
895 3218 945 3258 om.
966 3202 990 3256 b.
1068 3206 1101 3255 16
1121 3203 1150 3255 et

129 3275 244 3331 vultum
262 3282 347 3332 aaron
365 3277 423 3346 (sic)
441 3275 529 3330 faciet
546 3295 575 3333 r:
598 3278 628 3330 et
645 3274 737 3329 multu
755 3288 864 3328 macres
884 3290 946 3328 esse
965 3274 1017 3343 (e'e)
1036 3272 1107 3326 fecit
1126 3275 1150 3327 b.

132 3352 166 3401 li
186 3347 217 3402 id
236 3350 246 3418 (
266 3349 376 3418 ')—est
389 3345 466 3418 (rig.)
483 3364 512 3402 r:
531 3363 582 3401 om.
603 3346 693 3414 tuabi
710 3347 742 3399 et
758 3363 785 3401 r.
804 3349 866 3416 pr).
955 3346 984 3400 et
1003 3344 1149 3397 ardoribus

130 3420 304 3488 —urgentur
313 3421 407 3490 (αἰὼν,
424 3418 453 3473 et
462 3417 560 3473 ardore
570 3416 588 3471 i.
600 3415 651 3469 siu
660 3418 743 3486 urget
753 3418 777 3472 b.
866 3421 899 3471 18
912 3414 1152 3470 Unde-efficitur

129 3503 181 3544 om.
197 3492 221 3545 b.
309 3507 363 3561 pro
381 3495 479 3559 20—1).
490 3491 582 3557 263,3
595 3488 635 3543 sic
648 3488 730 3543 babet
748 3489 764 3543 b
782 3486 883 3557 Itaque
902 3487 933 3540 in
948 3485 1043 3540 dolore
1058 3485 1150 3539 calido

118 3558 209 3618 ⁴tuctu
232 3576 370 3616 manuum
391 3561 440 3616 vei
463 3559 632 3616 sabanorum
661 3558 827 3614 calidorum.
851 3560 902 3612 aut
930 3557 1068 3612 cantabri
1096 3555 1149 3610 cal'
