2392 3922
126 153 170 220 60
433 154 624 207 rnnonoar
642 154 822 207 PRISOIANI

126 321 162 380 ad
186 322 314 380 maiores
337 320 391 380 has
414 338 519 380 causas
541 319 599 379 hoe
622 319 710 379 modo
734 325 976 398 composuerunt.
1017 317 1147 398 aleyouii
1184 302 1190 385 ἶ,

127 408 274 469 combusti
306 411 471 489 semuncia,
504 407 735 469 chamaeleontis
767 410 869 486 nigrae
901 407 1012 468 radicis
1040 406 1101 470 unc
1123 407 1145 488 I,
1185 428 1190 487 '.

126 497 250 557 aslodeli
268 497 378 558 radicis
392 495 483 578 uudl,
503 496 655 576 sulphuris
673 499 741 578 vivi,
759 498 836 558 turis
854 495 988 577 maseuli,
1001 497 1147 578 pyrethri,

127 586 264 646 alronitri
287 588 457 646 semunciae
482 585 625 667 singulae,
649 585 771 664 glutinis
790 587 901 646 taurini
919 583 979 646 unc
996 584 1023 666 l,
1047 588 1147 646 omnia

99 687 203 735 scum.
226 681 309 735 aceto
337 681 507 753 coquuntur
534 681 565 734 et
592 675 680 755 liunt,
709 681 739 734 et
767 680 936 753 operantur.
983 692 1052 734 cum
1075 693 1147 734 vero

126 763 283 823 mundatae
308 763 420 823 luerint
443 770 473 824 et
497 769 688 842 percuratae,
716 765 793 823 asini
821 762 957 842 adipibus
985 762 1052 823 loca
1079 782 1147 843 per-

126 870 236 932 ungue,
254 859 284 912 et
302 858 370 930 post
390 854 506 913 serniae
525 851 656 913 maculas
671 851 801 912 colorem
815 854 958 912 restitues
971 851 1148 912 naturalem.

125 940 199 1001 haec
223 943 321 1002 omnia
346 959 404 1019 quo
428 942 494 1001 fieri
517 942 642 1022 possint,
666 940 819 1000 catholicis
842 943 939 1019 primo
962 943 1148 1019 purgationi-

126 1028 183 1090 bus
207 1029 358 1090 relevandi
382 1037 459 1091 sunt.

89 1238 115 1277 10
220 1253 223 1258 ·
271 1224 382 1285 XVllIl.
419 1224 465 1285 lle
488 1227 634 1286 ustione
658 1225 797 1286 calidae
821 1223 876 1285 vel
899 1225 1005 1302 ignis.

74 1326 116 1390 59
217 1330 356 1390 Ustiones
384 1337 542 1409 antequam
570 1331 704 1410 ssyetidas
731 1331 788 1392 hoe
817 1339 863 1392 est
885 1333 999 1392 vesicas
1023 1332 1149 1413 erigant,

128 1421 223 1479 muria
256 1418 400 1480 olivarum
437 1419 611 1498 frequenter
645 1420 782 1502 infunde,
820 1427 871 1481 aut
903 1421 1022 1480 easdem
1056 1420 1148 1480 olivas

199 1612 213 1658 1
234 1607 271 1660 ad
289 1605 410 1661 maiores
429 1607 482 1661 has
501 1625 601 1662 causas
612 1610 704 1677 (curas
719 1610 757 1678 B)
775 1609 903 1665 radet:
923 1608 960 1662 ad
978 1608 1101 1663 maiores
1121 1610 1150 1662 et

127 1693 145 1730 a
164 1678 253 1731 restes
272 1677 443 1748 inpetigines
458 1680 481 1733 b.
555 1681 773 1750 composuerunt
786 1681 847 1736 rB:
867 1680 1048 1735 confecerrmt
1062 1681 1077 1734 b
1089 1680 1147 1734 Gal.

126 1696 249 1802 aIcionir'r
262 1747 408 1803 combustis
420 1748 438 1803 S
450 1752 483 1818 ᾖ
493 1752 543 1819 (sie
551 1769 573 1820 r,
589 1756 611 1804 Σ
624 1752 647 1819 b,
663 1767 784 1805 semunc.
794 1751 815 1804 I.
827 1752 908 1821 θεῖ.)
923 1749 1058 1806 alchionii
1073 1767 1148 1805 oom-

126 1819 204 1873 busti
228 1820 372 1873 semuncia
391 1821 426 1875 B.
553 1824 626 1892 2(3)
646 1821 749 1875 radicis
766 1823 823 1890 rB,
848 1838 929 1876 -ces
951 1822 1018 1890 eet,
1042 1821 1103 1875 rad'
1124 1824 1148 1875 b.

126 1895 142 1943 3
163 1889 253 1944 sulfur
270 1890 379 1960 vivum,
402 1892 468 1945 thus
491 1893 656 1947 masculum.
680 1892 786 1975 peretni
804 1891 951 1974 (piretrum
971 1894 1048 1962 eeu).
1073 1891 1149 1947 afro-

125 1961 232 2016 nitrum
246 1978 302 2016 ana
314 1970 340 2025 5.
356 1964 436 2032 b(au.
451 1967 488 2031 ᾖ
503 1963 521 2018 S
536 1983 559 2033 e,
579 1981 635 2018 ana
649 1980 790 2037 semune1g
805 1963 915 2036 singule
929 1967 970 2019 sle
982 1965 1018 2032 B,
1032 1979 1148 2033 manna,

127 2050 247 2089 semune.
273 2032 402 2103 singulae
421 2037 461 2090 aie
480 2035 550 2105 θεῖ.)
569 2036 686 2091 bGelB.
711 2042 758 2090 cet.
782 2036 817 2102 ef.
845 2035 908 2090 Gal.
923 2036 1001 2103 XII,
1020 2039 1143 2090 eae-3.

125 2107 207 2176 se'pua
227 2107 359 2175 ponderis
381 2107 482 2162 habeat
500 2108 548 2176 rb,
572 2112 628 2161 unc
646 2107 757 2174 Buce,
780 2123 842 2160 eum
860 2123 913 2160 ecc.
934 2106 1057 2174 rodet,
1084 2123 1148 2162 eum

125 2193 184 2246 peu.
203 2178 352 2245 specierum
370 2177 406 2231 Β.
480 2183 497 2230 4
516 2194 540 2232 ο.
562 2195 625 2231 cum
643 2179 723 2231 aceto
743 2178 899 2246 coquantur
918 2179 977 2246 (sie)
997 2179 1026 2231 et
1045 2193 1088 2247 op.
1105 2178 1147 2233 B:

126 2263 150 2300 ο.
171 2263 193 2300 ο,
214 2263 238 2300 a.
260 2248 418 2315 coquuntur
440 2250 469 2302 et
490 2249 570 2303 fiunt.
595 2251 624 2302 et
642 2265 685 2317 ορ.
710 2267 737 2313 e,
762 2265 786 2302 o.
807 2265 829 2302 c.
849 2264 874 2302 a.
899 2247 1095 2316 decoquuntur
1118 2250 1148 2303 et

125 2317 204 2369 fiunt.
220 2317 250 2369 et
263 2333 307 2387 ορ.
319 2319 387 2386 Get,
402 2334 427 2372 ο.
442 2317 513 2372 trita
527 2335 590 2373 eum
605 2321 685 2373 aceto
700 2319 823 2373 contrita
837 2322 1001 2388 coquuntur.
1018 2322 1046 2373 et
1061 2335 1105 2389 ορ.
1122 2321 1146 2374 b.

126 2387 245 2440 bfiunt:
265 2404 299 2442 se.
319 2387 441 2442 trocisci.
520 2397 536 2443 6
555 2392 721 2458 pereni-atae
739 2392 837 2447 atiel:
856 2392 1024 2459 procuratae
1042 2391 1078 2459 B,
1098 2407 1145 2445 eu·

125 2457 187 2510 rate
206 2458 230 2511 b.
321 2457 395 2511 asini
414 2457 546 2528 adipibus
564 2460 612 2514 rB
623 2462 695 2516 Get:
715 2461 826 2516 asinino
845 2460 929 2531 adipe
948 2463 971 2516 b.
1082 2463 1147 2515 iet

125 2529 190 2596 post
208 2526 300 2581 sernie
317 2527 444 2582 maculas
463 2548 490 2585 r:
514 2531 544 2583 et
566 2532 631 2599 post
649 2531 687 2585 ad
709 2532 806 2603 nigras
829 2531 956 2587 maculas
976 2534 1005 2600 b,
1029 2534 1059 2586 et
1080 2534 1148 2601 post

126 2599 270 2651 serenatas
289 2597 416 2652 maculas
435 2601 463 2653 Β
481 2598 534 2668 (ita
551 2601 670 2655 maculis
692 2602 761 2673 θεῖ.)
781 2607 815 2672 cf.
836 2609 862 2673 1,
881 2608 925 2660 37.
1029 2611 1043 2657 7
1063 2602 1146 2656 resti·

125 2671 188 2722 tues
206 2686 234 2723 n.
252 2670 346 2736 boet,
367 2686 433 2723 -as
446 2688 474 2725 n.
489 2672 530 2726 B:
548 2671 689 2727 restitutis
708 2674 753 2729 his
771 2675 892 2730 tur-alem
909 2679 974 2745 (pro
989 2673 1082 2728 —tuis
1100 2673 1146 2728 his

125 2739 284 2794 naturalem
302 2743 351 2809 ale)
369 2759 391 2796 r.
448 2749 534 2810 8quo
549 2744 577 2796 Β
591 2744 648 2799 θεῖ.
668 2748 733 2815 (que
751 2750 789 2817 r):
809 2749 842 2801 ut
858 2750 881 2803 b.
932 2745 1022 2816 primo
1037 2744 1147 2800 naeu:

125 2811 203 2882 prius
222 2830 245 2879 e,
264 2829 314 2866 om.
335 2813 358 2866 b.
433 2817 448 2865 9
467 2812 613 2869 relevandi
632 2820 699 2870 sunt
717 2819 756 2873 B:
776 2818 825 2872 rel.
846 2836 866 2874 s.
886 2816 931 2871 vel
949 2815 1067 2872 iuvandi
1080 2817 1146 2872 edd.

126 2885 209 2939 beet.
229 2885 303 2952 (leem
324 2881 491 2951 Ottolobus).
577 2892 611 2940 10
629 2887 671 2942 De
690 2887 800 2942 ustione
820 2888 990 2957 (ustionibus
1010 2889 1079 2956 eeu.)
1098 2903 1145 2941 ea·

125 2954 202 3010 lidae
225 2956 285 3025 (sle)
308 2953 354 3008 vel
376 2952 450 3024 ignis
469 2955 568 3012 XVIII.
588 2959 697 3015 Βθε1.ε
725 2958 767 3012 De
796 2957 990 3013 combustione
1018 2957 1146 3014 calideb

125 3029 222 3095 (totum
236 3033 320 3096 caput
333 3042 382 3080 om.
397 3044 422 3093 r,
440 3028 488 3096 qui
501 3034 592 3083 tumea
605 3032 717 3086 titulum
730 3030 829 3084 habuit
842 3031 874 3082 iu
887 3031 979 3085 indice
993 3031 1146 3100 praeacuto

125 3097 178 3151 XX
199 3098 240 3152 De
260 3095 453 3151 combustione
477 3097 569 3154 calide
592 3101 638 3155 vel
661 3098 735 3170 ignis
758 3098 789 3152 in
812 3113 944 3168 corpore,
966 3103 1039 3156 oleat
1060 3101 1147 3156 iudea

103 3230 111 3246 ι
129 3169 257 3224 Obiciunt
269 3176 304 3237 et,
322 3171 370 3238 qui
384 3185 433 3224 om.
448 3168 479 3222 in
496 3186 619 3241 corpore,
637 3171 780 3239 Beseda).
799 3176 832 3224 ut
844 3186 901 3224 ooo
918 3171 1016 3226 habult
1033 3174 1146 3228 omniuo

126 3240 210 3294 eodea
228 3242 297 3295 alter
315 3257 392 3310 quem
409 3242 555 3310 exscripsit
571 3260 600 3310 r,
622 3244 664 3297 ito
686 3257 813 3296 moneam
835 3247 874 3294 eat
891 3243 1044 3310 capitulam
1061 3245 1094 3297 e'n
1107 3243 1146 3311 B,

125 3311 251 3365 dicatum
268 3313 300 3365 ia
325 3312 398 3380 Get,
424 3314 621 3381 interpolatum
642 3314 674 3367 e'u
697 3313 725 3377 b,
749 3313 860 3366 omniuo
883 3312 1013 3381 debiam,
1039 3331 1089 3369 aee
1112 3316 1146 3368 iu

124 3383 232 3450 praecia
249 3385 308 3436 eius
320 3384 472 3453 oeste'pium.
547 3389 579 3436 11
594 3381 725 3436 fluctidas
739 3381 776 3449 B,
794 3380 917 3436 flictidas
932 3384 975 3451 bc,
989 3384 1145 3452 phlictidas

126 3451 224 3577 {Idm
241 3451 295 3573 hop
312 3454 358 3574 ppt
373 3454 490 3509 betici:
509 3470 559 3510 om.
573 3454 609 3509 B.
659 3451 764 3507 muria:
782 3452 875 3506 muria
893 3470 990 3509 omues.
1043 3460 1076 3508 12
1092 3457 1144 3509 aut

149 3538 163 3577 e
201 3538 280 3576 e.:e
342 3565 347 3576 .
