2392 3922
310 156 586 210 ANTIDOTARJUM
604 157 710 210 BRUX.
730 157 933 210 SECUNDUM.
1051 153 1122 220 ’393

112 358 147 418 77
171 359 279 438 semis,
310 357 428 417 resinae
460 355 542 416 albae
565 327 670 438 fils,
692 359 812 436 panacis
830 356 870 438 Il,
903 359 982 417 casei
1011 359 1126 436 caprini

113 448 245 508 recentis
267 456 305 508 ÷
323 444 344 505 l.
367 444 458 505 facies
482 452 628 526 cerotum,
656 453 686 506 et
708 464 876 525 perungues
899 445 964 507 loca
986 465 1060 525 quae
1084 449 1126 506 vi-

114 536 223 596 dentur
246 552 314 595 csse
338 532 440 594 soluta.

72 622 126 687 176
201 623 251 684 Ad
272 641 440 683 somnum.
458 641 519 682 non
533 623 729 684 dormientem
744 623 869 684 salvabis
884 625 936 684 sic.
955 626 1016 703 opii
1030 637 1065 689 ÷
1079 623 1127 705 lll,

114 731 233 774 murrae
261 718 293 773 et
319 718 416 792 rutae,
443 714 520 772 turis
548 711 679 791 singulos
702 715 856 773 sextarios.
884 720 914 774 et
941 730 1009 774 cera
1036 715 1127 772 mixta
1153 733 1167 774 0

117 800 249 881 pastillos
273 800 451 879 scripulares
470 800 590 881 0110100,
613 809 643 862 01
661 819 715 881 pro
734 801 893 862 chalastico
912 801 1052 862 umbilico
1073 805 1127 861 im·

117 909 216 970 ponas.
245 896 308 950 tarn
331 907 468 949 somnum
489 896 621 968 praestat
643 909 731 969 quam
754 892 844 951 etiam
866 898 1000 951 ventrem
1022 899 1127 951 movet.

75 979 128 1041 177
204 977 254 1039 Ad
278 984 480 1057 quartanas.
503 977 683 1039 absinthium
706 998 781 1058 aqua
804 979 959 1040 decoctum
983 978 1078 1059 datur,
1099 986 1129 1038 et

116 1068 220 1129 dextra
237 1084 309 1146 pars
327 1065 501 1145 capillorum
524 1084 592 1127 cera
610 1069 747 1146 imposita
771 1070 910 1146 signatur.
934 1067 1070 1128 nonnulli
1087 1069 1128 1126 ita

116 1163 149 1218 ut
171 1174 207 1217 ea
231 1153 280 1216 die
304 1154 486 1216 remedietur
508 1157 675 1234 aegrotitas
1142 1177 1168 1216 10

76 1244 129 1309 178
206 1245 404 1324 Serpentes
436 1243 606 1324 fugantur
638 1263 731 1305 cornu
763 1244 863 1305 suffitu
896 1245 1016 1304 cervini.
1048 1241 1128 1302 idem

117 1335 187 1395 10011
210 1333 372 1394 sandaraca
394 1340 425 1394 et
447 1332 617 1414 galbanum,
644 1340 674 1393 et
696 1332 798 1412 adipes
825 1330 952 1412 caprini.¹
976 1350 1046 1392 sane
1069 1349 1129 1391 non

119 1430 206 1484 erunt
229 1425 262 1482 in
281 1421 416 1483 aedificio
435 1430 598 1503 serpentes,
622 1423 647 1481 si
666 1421 846 1483 absinthium
865 1423 944 1482 circa
963 1421 1130 1482 aedilicium

119 1530 200 1572 seras
219 1510 267 1572 vel
285 1512 467 1571 artemisiam
484 1510 608 1571 herbam
624 1509 672 1570 vel
690 1510 874 1572 abrotonum.
898 1513 925 1571 si
944 1517 1041 1572 autem
1063 1529 1131 1571 vasa

120 1600 259 1662 calefacta
282 1602 315 1660 in
337 1618 395 1678 quo
417 1601 568 1678 putaveris
590 1599 656 1659 loco
680 1599 851 1680 suffoderis,
873 1602 914 1661 ita
936 1607 970 1660 ut
992 1618 1130 1661 vasorum
1144 1619 1169 1660 11

119 1688 200 1750 labra
232 1696 332 1749 terrae
364 1705 486 1769 aeques,
518 1705 621 1749 omnes
654 1687 724 1749 illuc
757 1695 911 1769 serpentes
943 1691 1129 1749 conveniunt.

120 1795 193 1858 quos
223 1795 292 1838 cum
318 1776 477 1838 incluseris
499 1783 530 1837 et
552 1775 657 1838 obvius
684 1778 842 1859 deferaris,
869 1796 907 1838 ne
931 1779 1129 1837 intremueris.

119 1867 155 1927 ad
178 1867 355 1946 scorpiones
378 1872 409 1926 et
431 1871 530 1926 cetera
553 1864 669 1926 similia.
692 1866 788 1926 isdem
807 1869 886 1926 enim
905 1866 1045 1925 remediis
1067 1863 1129 1943 pel·

120 1955 225 2016 luntur
249 1953 358 2034 quibus
382 1971 480 2032 supra.

77 2041 133 2104 179
207 2043 255 2104 De
274 2042 362 2121 pilis
381 2044 578 2103 contrariis
597 2042 787 2102 oculorum.
811 2040 929 2102 evulsus
949 2041 1033 2101 oculo
1052 2039 1130 2119 pilus
1145 2062 1170 2101 10

125 2134 218 2213 niger,
247 2149 337 2192 canos
364 2133 482 2192 recinos
508 2130 629 2191 indocto
656 2134 739 2191 nasci
762 2148 823 2192 non
846 2132 929 2212 sinit,
957 2131 984 2190 si
1011 2131 1131 2208 sanguis

125 2221 186 2281 eius
210 2220 277 2280 loco
301 2219 357 2299 pili
378 2219 473 2280 evulsi
495 2221 662 2298 inponatur.

78 2305 136 2370 180
208 2308 258 2368 Ad
282 2325 405 2369 renum
428 2308 594 2369 dolorem.
622 2310 718 2369 muria
743 2310 846 2368 stativa
870 2306 1001 2368 dolorem
1027 2325 1132 2368 renum

122 2396 206 2458 tollit

79 2482 131 2549 181
209 2486 259 2545 Ad
282 2485 481 2564 caliginem.
504 2484 545 2546 fel
562 2485 722 2546 testudinis
736 2484 818 2546 melli
832 2487 957 2546 mixtum
976 2485 1132 2565 caliginem
1146 2504 1173 2546 00

121 2574 209 2635 tollit.

78 2661 133 2725 182
211 2661 260 2723 hd
292 2661 452 2723 dentium
484 2662 653 2724 dolorem.
688 2681 784 2724 uncus
816 2666 968 2742 appositus
1000 2664 1134 2725 dentium

123 2750 222 2812 dolori
244 2750 389 2812 subvenit.

78 2837 134 2905 183
212 2839 261 2900 Ad
281 2839 507 2900 stomachum.
531 2842 594 2900 ursi
612 2849 716 2902 natura
736 2840 879 2901 stomachi
898 2840 1030 2901 dolorem
1042 2849 1133 2901 curat.

77 2925 135 2994 184
213 2927 262 2988 Ad
285 2927 533 3007 digestionem.
562 2928 757 3008 digestionem
778 2935 922 3009 praestat,
951 2931 976 2988 si
999 2931 1031 2989 in
1054 2946 1133 2989 sum·
1147 2948 1172 2987 00

123 3019 226 3078 mitate
250 3034 308 3096 qua
336 3015 474 3096 gracilius
502 3023 549 3077 est
575 3026 663 3097 caput
690 3017 753 3096 lupi
781 3035 816 3076 ex
844 3035 916 3076 auro
944 3019 1076 3098 accipiat,
1104 3023 1134 3077 et

195 3174 285 3225 8-10
303 3170 352 3226 hoc
369 3176 456 3225 totum
468 3187 519 3226 om.
533 3171 574 3226 ed.
624 3175 641 3223 9
656 3167 784 3239 signetur
796 3167 888 3222 111111
902 3168 1133 3242 110...ομ011100.

126 3241 188 3310 (sic)
204 3241 241 3296 Β.
302 3246 334 3295 11
349 3242 384 3308 cf.
397 3241 516 3311 Geopoo.
527 3246 571 3307 13,
581 3247 608 3307 8,
618 3245 643 3294 1.
653 3245 679 3295 2.
736 3245 769 3294 1⁷
782 3240 846 3307 fort.
860 3237 977 3293 inclusis
991 3239 1091 3294 obvius
1107 3241 1132 3295 d.

125 3313 183 3381 (uei
203 3310 337 3367 desereris
356 3313 403 3382 B).
477 3318 508 3366 11
529 3310 637 3366 10011100
655 3309 770 3364 indocto
790 3312 852 3380 (sic)
871 3311 900 3364 B
919 3314 981 3378 (ora.
1000 3312 1062 3378 cd).

126 3387 160 3437 28
177 3381 270 3456 Murip
289 3381 473 3452 0101110110)
489 3384 529 3439 B:
547 3381 640 3437 Murio
653 3383 702 3450 ed.¹
721 3382 770 3463 poi
786 3398 836 3436 om.
851 3381 975 3452 stativa).
1026 3387 1060 3436 27
1078 3383 1135 3437 Un-

126 3470 174 3508 cus
187 3453 410 3524 (sic)B(1uncus
419 3457 479 3523 ed).
534 3460 566 3509 29
575 3455 656 3507 01101
666 3455 694 3508 01
702 3451 890 3522 digestionem
901 3455 1029 3523 praestat
1038 3460 1084 3508 etc.
1094 3456 1135 3510 ed.

127 3529 160 3580 at
175 3527 205 3580 01
219 3524 257 3579 ad
269 3527 381 3596 partem
398 3523 530 3580 vescione
544 3523 634 3580 leonis
649 3527 677 3579 et
687 3525 727 3581 B:
746 3525 776 3579 et
792 3523 924 3580 macione
938 3527 978 3581 ed.
994 3528 1053 3594 (cet.
1063 3530 1136 3596 000).
