2392 3922
344 192 581 245 nuroutsron
600 194 859 249 FAENOMENON.
1076 196 1116 260 61

89 355 177 416 salom
205 358 360 417 contritas
389 359 546 436 imponito.
592 364 622 418 et
646 358 777 419 lactucae
801 360 889 419 tritae
913 377 982 420 cum
1006 360 1118 422 salibus

88 464 137 525 pro
160 444 382 525 cataplasmate
406 447 564 525 impositae
587 448 729 513 contiuuo
751 454 864 508 curant.
910 455 940 508 et
964 448 1003 508 fel
1026 453 1118 510 tauri-

89 553 156 595 num
184 552 259 594 cum
294 552 375 613 aqua
403 534 527 613 pluviali
554 535 700 596 adhibeto.
747 535 865 596 alumen
893 539 1021 597 scissum
1050 557 1117 599 oum

89 632 168 684 nocto
192 625 368 684 contritum
391 641 497 684 omnes
520 626 654 684 ustiones
677 625 837 703 unguendo
856 632 1003 703 percurat.
1050 645 1118 686 nam

89 721 115 772 et
141 721 193 772 tus
222 711 398 773 masculum
423 731 492 773 cum
521 731 595 792 aqua
622 715 727 773 tritum
756 713 893 774 similiter
916 721 1065 794 operatur,
1089 723 1118 776 et
1146 731 1158 769 5

90 800 161 862 sales
185 819 261 862 cum
286 800 356 861 olco
378 819 466 862 roseo
485 803 551 862 triti
573 801 758 882 inlinuntur,
781 809 811 863 et
829 802 914 863 betae
934 802 1028 863 elixae
1047 822 1118 863 cou-

91 893 171 950 tritac
205 892 417 970 imponentur.
474 896 504 950 et
535 891 661 969 pollines
694 893 788 951 tritici
820 909 888 951 cum
920 893 983 951 ovis
1016 893 1117 953 crudis

92 981 171 1040 mixti
200 981 508 1059 superimpouuutur.
554 982 598 1040 sic
625 982 715 1041 etiam
742 979 870 1040 hederae
899 983 1024 1058 agrestis
1049 981 1118 1041 folia

93 1071 212 1128 turino
238 1075 329 1128 cocta
353 1075 468 1129 curant.
678 1131 681 1135 ,

176 1160 205 1216 si
235 1174 312 1217 vero
340 1164 411 1236 post
438 1155 558 1217 easdem
589 1159 723 1218 ustiones
756 1156 896 1218 vesiculis
928 1157 1041 1217 luerint
1073 1157 1171 1220 in-60

96 1248 226 1326 quenti,
249 1263 388 1306 murram
407 1263 475 1306 eum
489 1247 557 1305 vino
576 1252 640 1307 tere
661 1253 691 1306 et
709 1248 837 1325 impone.
853 1253 917 1306 ,aut
931 1244 1021 1305 calcis
1036 1247 1117 1305 vivae
1132 1264 1157 1300 ιι

96 1335 248 1414 pulverem
272 1352 344 1395 cum
368 1335 514 1394 cerotario
537 1341 670 1414 tempera
694 1342 724 1395 et
746 1334 868 1396 linteolo
887 1333 1039 1395 inlinitum
1062 1337 1116 1393 im-

95 1442 191 1502 pones.
242 1424 272 1484 si
306 1425 398 1483 etiam
434 1422 555 1483 vulnera
588 1423 713 1504 luerint,
747 1442 870 1502 porrum
908 1425 1011 1483 tritum
1044 1423 1117 1483 locis

96 1515 255 1592 imponito,
294 1518 346 1571 aut
378 1511 540 1572 malvarum
577 1512 645 1572 lolia
678 1512 754 1573 elixa
787 1519 817 1573 et
849 1530 917 1573 cum
950 1511 1014 1572 oleo
1047 1515 1117 1572 trita

96 1604 320 1681 superimpoue,
336 1607 388 1661 aut
401 1599 558 1661 lenticulae
572 1601 726 1680 pulverem
740 1619 808 1662 oum
822 1600 909 1661 melle
924 1603 1116 1661 commixtum
1133 1617 1157 1656 15

95 1690 226 1751 induces.
261 1691 306 1750 sic
331 1697 361 1750 et
384 1688 589 1750 columborum
616 1697 749 1751 stercore
778 1689 932 1750 combusto
961 1708 1028 1749 oum
1052 1689 1117 1749 oleo

158 1938 177 1986 2
197 1948 252 2002 pro
272 1930 480 2001 cataplasmate
499 1946 548 1986 om.
568 1934 612 1987 bc.
748 1932 777 1984 et
789 1963 802 1969 —
813 1933 851 2000 (4)
870 1932 1001 1999 perennat
1020 1932 1067 1984 dc:
1089 1932 1118 1982 et

96 2001 148 2057 tt.
170 2020 195 2057 c.
216 2020 244 2057 a.
265 2002 390 2073 plurime
408 2000 574 2058 infunditur.
600 2001 687 2057 aliud.
712 2001 835 2055 alumine
859 2001 945 2054 scisso
965 2017 988 2054 c.
1008 2017 1033 2054 a.
1053 2016 1117 2053 cou-

95 2075 158 2128 trlto
179 2091 204 2128 o.
226 2092 255 2128 u.
275 2089 371 2143 unguo
391 2074 431 2140 Β,
455 2089 505 2128 orn.
525 2075 581 2128 Gal.
701 2078 717 2125 3
737 2073 871 2126 adhibeto
891 2090 917 2139 c,
943 2070 1037 2124 —bito
1058 2073 1081 2124 b.

94 2149 265 2216 ipercnrnt
283 2147 312 2200 b:
330 2146 464 2214 procurat
482 2162 503 2199 c.
574 2161 642 2198 nam
661 2147 690 2198 et
708 2145 735 2197 B
748 2144 819 2199 Get:
840 2146 869 2196 et
887 2145 928 2197 bc.
1016 2146 1031 2193 ὅ
1052 2157 1116 2210 ope-

94 2224 170 2270 ratur
190 2235 245 2271 om.
266 2218 309 2271 bc.
420 2214 604 2269 ainlinentur
624 2217 691 2283 (iel,
710 2215 879 2268 inliniuntur
898 2215 925 2266 Β
943 2215 1004 2282 (ocu.
1025 2215 1079 2281 bc).

95 2288 313 2357 iimpouontur
333 2288 403 2342 Gez.:
426 2289 565 2340 -nuntur
583 2288 623 2342 B:
644 2286 774 2341 similiter
792 2287 945 2356 operantur
959 2286 1001 2338 bc.
1057 2283 1117 2353 pol-

94 2357 484 2428 lines-superimponuntur
502 2359 529 2411 B
541 2359 612 2414 Gal:
641 2357 756 2427 pollinis
776 2358 795 2411 t.
815 2356 898 2410 mixti
917 2373 938 2410 c.
959 2372 1011 2410 ovo
1032 2356 1117 2409 crudo

225 2432 252 2497 n
986 2426 1118 2552 eal

93 2573 221 2627 ustiones
244 2572 317 2639 Get,
340 2571 461 2626 eandem
483 2571 623 2626 ustionem
642 2575 688 2627 bc:
713 2571 827 2625 easdem
849 2569 996 2623 unctiones
1011 2571 1045 2622 B.

93 2645 146 2698 se‘i
163 2647 190 2711 b,
210 2660 243 2697 es
257 2642 391 2711 c)siculaa
410 2641 514 2696 fuerint
527 2643 703 2712 inquietatae
718 2643 831 2697 chel:
850 2641 990 2695 vesiculas
1009 2640 1117 2708 inquie-

92 2716 162 2769 tarit
181 2716 219 2769 Β.
310 2720 342 2767 11
363 2713 476 2783 impone
494 2716 610 2770 dedet:
630 2713 768 2783 imponito
787 2714 822 2767 Β.
914 2715 976 2768 aut:
997 2715 1026 2766 et
1045 2715 1068 2766 b.

93 2793 123 2839 12
143 2790 176 2841 et
194 2785 317 2840 linteolo
336 2784 452 2839 linitum
471 2785 554 2841 bGel.
572 2788 612 2855 (et
630 2785 660 2838 in
678 2785 765 2838 linteo
784 2783 898 2837 linitum
917 2788 951 2852 c),
971 2786 1000 2837 ot
1018 2783 1048 2836 iu
1062 2783 1115 2836 liu-

91 2858 167 2912 teolo
183 2857 302 2911 linitum
316 2857 353 2911 B.
407 2856 534 2926 impones
549 2859 564 2912 b
577 2858 644 2925 Gal,
663 2855 775 2925 inponis
794 2873 819 2910 c:
836 2872 905 2909 —ne
919 2856 955 2910 Β.
1011 2862 1041 2907 13
1054 2860 1118 2921 post

92 2929 200 2984 fuerint
216 2927 351 2997 (fecerint
364 2930 402 2997 B)
421 2931 551 2984 continuo
569 2930 650 2983 habet
670 2930 727 2983 Get.
761 2944 830 2997 quoe
847 2945 935 2996 supra
957 2928 989 2980 iu
1006 2942 1065 2991 cap.
1086 2926 1118 2977 de

90 3003 179 3056 oculis
189 3020 221 3071 p.
236 3005 285 3067 26,
304 3016 362 3054 meo
380 3000 538 3054 dividetur
555 3000 624 3066 folio
646 3002 751 3069 tuteque
772 3005 872 3053 canoto
890 2998 1082 3052 desiderantur·
1100 3012 1118 3047 α

91 3075 180 3127 verbio
197 3070 290 3125 fronti
309 3068 425 3124 inlitum
442 3069 523 3124 iuvat
541 3088 625 3140 usquc
643 3072 687 3125 ad.
705 3089 729 3126 o.
745 3069 840 3124 oculos
859 3067 992 3137 procurat
1010 3067 1069 3132 (ubi
1087 3067 1118 3118 ic

90 3146 144 3209 fine
162 3144 304 3213 qeusedom
323 3142 412 3195 deleta
424 3144 508 3211 aaut).
566 3147 599 3194 13
615 3157 728 3211 porrum
742 3144 762 3196 t.
777 3140 795 3194 l.
811 3137 939 3208 inponite
954 3139 1001 3190 bc:
1020 3151 1117 3214 porros

91 3215 174 3269 terito
198 3218 231 3269 ot
254 3213 329 3267 locis
353 3211 473 3280 impone.
498 3215 549 3266 aut
571 3231 607 3267 m.
628 3212 646 3266 i.
666 3228 690 3267 e.
710 3214 739 3265 et
762 3229 825 3265 cum
848 3209 910 3262 oleo
935 3206 1118 3275 superantnta

91 3289 163 3355 (aies)
181 3286 317 3356 impones
338 3283 367 3336 B
386 3284 495 3350 (deawot
513 3301 557 3352 up.
578 3284 655 3352 Get).
783 3287 815 3334 15
835 3281 885 3332 aut
903 3279 1117 3357 (cilum-com-

90 3357 207 3413 mixtum
222 3361 262 3414 bc
278 3363 305 3411 et
319 3356 383 3424 (qui
395 3355 459 3408 odd.
475 3354 601 3424 induces)
611 3356 651 3410 B:
662 3357 760 3409 dannot
772 3352 828 3406 Gel.
885 3354 918 3401 16
934 3365 975 3401 sic
985 3349 1024 3403 B:
1041 3350 1117 3403 ocul

89 3433 158 3486 utem
170 3431 231 3488 Gal.
285 3429 364 3482 linc.
376 3427 405 3479 et
414 3424 466 3480 ool.
477 3428 542 3493 etc).
599 3428 628 3479 et
637 3424 829 3479 columborum
839 3421 959 3473 stercore
971 3421 1118 3474 combusto

89 3503 205 3560 contrito
239 3519 276 3557 m
300 3495 425 3551 linteolo
457 3495 585 3550 adhibito
612 3498 670 3551 Gal.
694 3498 739 3565 (ei
766 3491 1117 3572 columnarum—colum·

89 3574 181 3631 borum
195 3594 212 3634 ο
232 3605 271 3616 -
293 3572 409 3624 stercus
428 3567 606 3621 combustum
623 3566 654 3620 in
667 3565 755 3620 linteo
771 3597 804 3605 —
818 3563 885 3616 lims
899 3566 963 3620 add.
979 3583 994 3620 e
1008 3598 1040 3604 —
1056 3565 1117 3619 loco
