<?xml version="1.0" encoding="UTF-8"?>
<!DOCTYPE html PUBLIC "-//W3C//DTD XHTML 1.0 Transitional//EN"
    "http://www.w3.org/TR/xhtml1/DTD/xhtml1-transitional.dtd">
<html xmlns="http://www.w3.org/1999/xhtml" xml:lang="en" lang="en">
 <head>
  <title>
</title>
<meta http-equiv="Content-Type" content="text/html;charset=utf-8" />
  <meta name='ocr-system' content='tesseract 3.04.00' />
  <meta name='ocr-capabilities' content='ocr_page ocr_carea ocr_par ocr_line ocrx_word'/>
</head>
<body>
  <div class='ocr_page' id='page_1' title='image "./euporistonlibri00rosegoog_0043.png"; bbox 0 0 2392 3922; ppageno 0'>
   <div class='ocr_carea' id='block_1_1' title="bbox 138 135 836 200">
    <p class='ocr_par' dir='ltr' id='par_1_1' title="bbox 138 135 836 200">
     <span class='ocr_line' id='line_1_1' title="bbox 138 135 836 200; baseline -0.006 -10"><span class='ocrx_word' id='word_1_1' title='bbox 138 135 180 200; x_wconf 88' lang='lat'><strong>10</strong></span> <span class='ocrx_word' id='word_1_2' title='bbox 447 136 637 189; x_wconf 81' lang='lat' dir='ltr'><strong>THEODORI</strong></span> <span class='ocrx_word' id='word_1_3' title='bbox 655 136 836 189; x_wconf 81' lang='lat' dir='ltr'><strong>PRISGIANI</strong></span> 
     </span>
    </p>
   </div>
   <div class='ocr_carea' id='block_1_2' title="bbox 135 268 1157 470">
    <p class='ocr_par' dir='ltr' id='par_1_2' title="bbox 135 268 1157 470">
     <span class='ocr_line' id='line_1_2' title="bbox 135 268 1157 379; baseline -0.001 -17"><span class='ocrx_word' id='word_1_4' title='bbox 135 301 290 362; x_wconf 91' lang='lat' dir='ltr'><strong>cedrinum</strong></span> <span class='ocrx_word' id='word_1_5' title='bbox 313 300 426 379; x_wconf 91' lang='lat' dir='ltr'><strong>lignum</strong></span> <span class='ocrx_word' id='word_1_6' title='bbox 450 299 607 360; x_wconf 83' lang='lat' dir='ltr'><strong>combures</strong></span> <span class='ocrx_word' id='word_1_7' title='bbox 632 306 662 361; x_wconf 97' lang='lat' dir='ltr'><strong>et</strong></span> <span class='ocrx_word' id='word_1_8' title='bbox 684 268 896 361; x_wconf 83' lang='lat' dir='ltr'><strong>eius-nidoris</strong></span> <span class='ocrx_word' id='word_1_9' title='bbox 915 298 1072 379; x_wconf 83' lang='lat' dir='ltr'><strong>pulverem</strong></span> <span class='ocrx_word' id='word_1_10' title='bbox 1095 300 1157 363; x_wconf 88' lang='lat' dir='ltr'><strong>col-</strong></span> 
     </span>
     <span class='ocr_line' id='line_1_3' title="bbox 136 387 904 470; baseline 0 -22"><span class='ocrx_word' id='word_1_11' title='bbox 136 389 219 470; x_wconf 81' lang='lat' dir='ltr'><strong>liges,</strong></span> <span class='ocrx_word' id='word_1_12' title='bbox 242 389 321 449; x_wconf 93' lang='lat' dir='ltr'><strong>unde</strong></span> <span class='ocrx_word' id='word_1_13' title='bbox 345 390 418 450; x_wconf 90' lang='lat' dir='ltr'><strong>haec</strong></span> <span class='ocrx_word' id='word_1_14' title='bbox 442 388 601 468; x_wconf 91' lang='lat' dir='ltr'><strong>supercilia</strong></span> <span class='ocrx_word' id='word_1_15' title='bbox 625 396 747 468; x_wconf 88' lang='lat' dir='ltr'><strong>tangere</strong></span> <span class='ocrx_word' id='word_1_16' title='bbox 771 387 904 450; x_wconf 80' lang='lat' dir='ltr'><strong>debebis.</strong></span> 
     </span>
    </p>
   </div>
   <div class='ocr_carea' id='block_1_3' title="bbox 348 547 943 627">
    <p class='ocr_par' dir='ltr' id='par_1_3' title="bbox 348 547 943 627">
     <span class='ocr_line' id='line_1_4' title="bbox 348 547 943 627; baseline 0 -19"><span class='ocrx_word' id='word_1_17' title='bbox 348 547 408 609; x_wconf 92' lang='lat' dir='ltr'><strong>llll.</strong></span> <span class='ocrx_word' id='word_1_18' title='bbox 432 547 478 608; x_wconf 82' lang='lat' dir='ltr'><strong>lle</strong></span> <span class='ocrx_word' id='word_1_19' title='bbox 503 550 698 609; x_wconf 75' lang='lat' dir='ltr'><strong>crementis</strong></span> <span class='ocrx_word' id='word_1_20' title='bbox 722 548 943 627; x_wconf 91' lang='lat' dir='ltr'><strong>capillorum.</strong></span> 
     </span>
    </p>
   </div>
   <div class='ocr_carea' id='block_1_4' title="bbox 103 650 1155 825">
    <p class='ocr_par' dir='ltr' id='par_1_4' title="bbox 103 650 1155 825">
     <span class='ocr_line' id='line_1_5' title="bbox 103 650 1154 734; baseline 0.001 -18"><span class='ocrx_word' id='word_1_21' title='bbox 103 650 124 716; x_wconf 90' lang='grc'>9</span> <span class='ocrx_word' id='word_1_22' title='bbox 222 655 328 716; x_wconf 78' lang='lat' dir='ltr'><strong>Aliud</strong></span> <span class='ocrx_word' id='word_1_23' title='bbox 343 654 520 734; x_wconf 87' lang='lat' dir='ltr'><strong>generaliter</strong></span> <span class='ocrx_word' id='word_1_24' title='bbox 530 654 668 715; x_wconf 92' lang='lat' dir='ltr'><strong>omnibus</strong></span> <span class='ocrx_word' id='word_1_25' title='bbox 679 655 719 714; x_wconf 90' lang='lat' dir='ltr'><strong>ad</strong></span> <span class='ocrx_word' id='word_1_26' title='bbox 734 655 948 733; x_wconf 91' lang='lat' dir='ltr'><strong>capillorum</strong></span> <span class='ocrx_word' id='word_1_27' title='bbox 960 662 1154 717; x_wconf 80' lang='lat' dir='ltr'><strong>crementa</strong></span> 
     </span>
     <span class='ocr_line' id='line_1_6' title="bbox 107 742 1155 825; baseline 0.007 -25"><span class='ocrx_word' id='word_1_28' title='bbox 107 743 292 823; x_wconf 82' lang='lat' dir='ltr'><strong>epolytrichi</strong></span> <span class='ocrx_word' id='word_1_29' title='bbox 315 743 424 804; x_wconf 83' lang='lat' dir='ltr'><strong>herbae</strong></span> <span class='ocrx_word' id='word_1_30' title='bbox 448 743 564 805; x_wconf 84' lang='lat' dir='ltr'><strong>radices</strong></span> <span class='ocrx_word' id='word_1_31' title='bbox 583 744 681 822; x_wconf 90' lang='lat' dir='ltr'><strong>pondo</strong></span> <span class='ocrx_word' id='word_1_32' title='bbox 705 743 773 825; x_wconf 91' lang='lat' dir='ltr'><strong>duo,</strong></span> <span class='ocrx_word' id='word_1_33' title='bbox 797 742 886 803; x_wconf 87' lang='lat' dir='ltr'><strong>tlores</strong></span> <span class='ocrx_word' id='word_1_34' title='bbox 909 745 976 805; x_wconf 89' lang='lat' dir='ltr'><strong>eius</strong></span> <span class='ocrx_word' id='word_1_35' title='bbox 999 742 1155 825; x_wconf 82' lang='lat' dir='ltr'><strong>pondoll,</strong></span> 
     </span>
    </p>
   </div>
   <div class='ocr_carea' id='block_1_5' title="bbox 132 831 1155 1091">
    <p class='ocr_par' dir='ltr' id='par_1_5' title="bbox 132 831 1155 1091">
     <span class='ocr_line' id='line_1_7' title="bbox 134 831 1155 914; baseline 0 -21"><span class='ocrx_word' id='word_1_36' title='bbox 134 833 249 893; x_wconf 87' lang='lat' dir='ltr'><strong>cedrini</strong></span> <span class='ocrx_word' id='word_1_37' title='bbox 277 833 335 892; x_wconf 93' lang='lat' dir='ltr'><strong>olei</strong></span> <span class='ocrx_word' id='word_1_38' title='bbox 361 833 461 911; x_wconf 92' lang='lat' dir='ltr'><strong>pondo</strong></span> <span class='ocrx_word' id='word_1_39' title='bbox 484 832 550 914; x_wconf 88' lang='lat' dir='ltr'><strong>llll,</strong></span> <span class='ocrx_word' id='word_1_40' title='bbox 583 851 636 892; x_wconf 87' lang='lat' dir='ltr'><strong>ova</strong></span> <span class='ocrx_word' id='word_1_41' title='bbox 668 831 844 910; x_wconf 82' lang='lat' dir='ltr'><strong>gallinarum</strong></span> <span class='ocrx_word' id='word_1_42' title='bbox 867 831 906 912; x_wconf 96' lang='lat' dir='ltr'><strong>X,</strong></span> <span class='ocrx_word' id='word_1_43' title='bbox 938 831 998 893; x_wconf 93' lang='lat' dir='ltr'><strong>olei</strong></span> <span class='ocrx_word' id='word_1_44' title='bbox 1033 831 1155 912; x_wconf 78' lang='lat' dir='ltr'><strong>hispani</strong></span> 
     </span>
     <span class='ocr_line' id='line_1_8' title="bbox 133 917 1153 1003; baseline 0 -21"><span class='ocrx_word' id='word_1_45' title='bbox 133 920 231 1001; x_wconf 93' lang='lat' dir='ltr'><strong>pondo</strong></span> <span class='ocrx_word' id='word_1_46' title='bbox 254 921 343 1003; x_wconf 85' lang='lat' dir='ltr'>XXX,</span> <span class='ocrx_word' id='word_1_47' title='bbox 367 921 508 1000; x_wconf 77' lang='lat' dir='ltr'><strong>gallorum</strong></span> <span class='ocrx_word' id='word_1_48' title='bbox 532 917 728 1001; x_wconf 85' lang='lat' dir='ltr'><strong>&lt;pulverem&gt;</strong></span> <span class='ocrx_word' id='word_1_49' title='bbox 752 920 850 999; x_wconf 93' lang='lat' dir='ltr'><strong>pondo</strong></span> <span class='ocrx_word' id='word_1_50' title='bbox 873 919 908 980; x_wconf 91' lang='lat' dir='ltr'><strong>ll.</strong></span> <span class='ocrx_word' id='word_1_51' title='bbox 944 919 1062 983; x_wconf 80' lang='lat' dir='ltr'><strong>radices</strong></span> <span class='ocrx_word' id='word_1_52' title='bbox 1085 920 1153 982; x_wconf 90' lang='lat' dir='ltr'><strong>her·</strong></span> 
     </span>
     <span class='ocr_line' id='line_1_9' title="bbox 132 1007 1155 1091; baseline 0.001 -21"><span class='ocrx_word' id='word_1_53' title='bbox 132 1009 239 1071; x_wconf 90' lang='lat' dir='ltr'><strong>harum</strong></span> <span class='ocrx_word' id='word_1_54' title='bbox 261 1013 293 1071; x_wconf 89' lang='lat' dir='ltr'><strong>in</strong></span> <span class='ocrx_word' id='word_1_55' title='bbox 320 1029 396 1089; x_wconf 89' lang='lat' dir='ltr'><strong>aqua</strong></span> <span class='ocrx_word' id='word_1_56' title='bbox 423 1011 575 1091; x_wconf 83' lang='lat' dir='ltr'><strong>infundes,</strong></span> <span class='ocrx_word' id='word_1_57' title='bbox 602 1010 691 1069; x_wconf 89' lang='lat' dir='ltr'><strong>flores</strong></span> <span class='ocrx_word' id='word_1_58' title='bbox 718 1026 789 1070; x_wconf 87' lang='lat' dir='ltr'><strong>vero</strong></span> <span class='ocrx_word' id='word_1_59' title='bbox 818 1009 1005 1089; x_wconf 86' lang='lat' dir='ltr'><strong>supradictos</strong></span> <span class='ocrx_word' id='word_1_60' title='bbox 1028 1010 1063 1069; x_wconf 89' lang='lat' dir='ltr'><strong>in</strong></span> <span class='ocrx_word' id='word_1_61' title='bbox 1090 1007 1155 1071; x_wconf 83' lang='lat' dir='ltr'><strong>sole</strong></span> 
     </span>
    </p>
   </div>
   <div class='ocr_carea' id='block_1_6' title="bbox 92 1096 1155 1887">
    <p class='ocr_par' dir='ltr' id='par_1_6' title="bbox 92 1096 1155 1887">
     <span class='ocr_line' id='line_1_10' title="bbox 133 1096 1154 1178; baseline -0.001 -18"><span class='ocrx_word' id='word_1_62' title='bbox 133 1101 247 1160; x_wconf 89' lang='lat' dir='ltr'><strong>siccare</strong></span> <span class='ocrx_word' id='word_1_63' title='bbox 274 1100 374 1160; x_wconf 80' lang='lat' dir='ltr'><strong>iacies</strong></span> <span class='ocrx_word' id='word_1_64' title='bbox 419 1100 517 1160; x_wconf 92' lang='lat' dir='ltr'><strong>oleum</strong></span> <span class='ocrx_word' id='word_1_65' title='bbox 547 1117 664 1178; x_wconf 85' lang='lat' dir='ltr'><strong>quoque</strong></span> <span class='ocrx_word' id='word_1_66' title='bbox 692 1105 852 1177; x_wconf 86' lang='lat' dir='ltr'><strong>utrumque</strong></span> <span class='ocrx_word' id='word_1_67' title='bbox 880 1099 911 1157; x_wconf 95' lang='lat' dir='ltr'><strong>in</strong></span> <span class='ocrx_word' id='word_1_68' title='bbox 939 1115 1009 1158; x_wconf 88' lang='lat' dir='ltr'><strong>vase</strong></span> <span class='ocrx_word' id='word_1_69' title='bbox 1040 1096 1154 1159; x_wconf 86' lang='lat' dir='ltr'><strong>mundo</strong></span> 
     </span>
     <span class='ocr_line' id='line_1_11' title="bbox 93 1185 1155 1268; baseline 0.001 -20"><span class='ocrx_word' id='word_1_70' title='bbox 93 1200 120 1241; x_wconf 88' lang='lat'><strong>1⁰</strong></span> <span class='ocrx_word' id='word_1_71' title='bbox 132 1191 234 1249; x_wconf 91' lang='lat' dir='ltr'><strong>mittes</strong></span> <span class='ocrx_word' id='word_1_72' title='bbox 258 1207 325 1250; x_wconf 92' lang='lat' dir='ltr'><strong>cum</strong></span> <span class='ocrx_word' id='word_1_73' title='bbox 349 1190 413 1249; x_wconf 87' lang='lat' dir='ltr'><strong>ovis</strong></span> <span class='ocrx_word' id='word_1_74' title='bbox 436 1195 466 1248; x_wconf 92' lang='lat' dir='ltr'><strong>et</strong></span> <span class='ocrx_word' id='word_1_75' title='bbox 489 1189 597 1248; x_wconf 90' lang='lat' dir='ltr'><strong>ceteris</strong></span> <span class='ocrx_word' id='word_1_76' title='bbox 621 1185 787 1268; x_wconf 85' lang='lat' dir='ltr'><strong>speciebus,</strong></span> <span class='ocrx_word' id='word_1_77' title='bbox 810 1193 841 1247; x_wconf 95' lang='lat' dir='ltr'><strong>et</strong></span> <span class='ocrx_word' id='word_1_78' title='bbox 863 1185 988 1264; x_wconf 84' lang='lat' dir='ltr'><strong>agitabis</strong></span> <span class='ocrx_word' id='word_1_79' title='bbox 1010 1185 1155 1264; x_wconf 83' lang='lat' dir='ltr'><strong>quamdiu</strong></span> 
     </span>
     <span class='ocr_line' id='line_1_12' title="bbox 133 1273 1155 1355; baseline 0.001 -19"><span class='ocrx_word' id='word_1_80' title='bbox 133 1277 224 1337; x_wconf 91' lang='lat' dir='ltr'><strong>veluti</strong></span> <span class='ocrx_word' id='word_1_81' title='bbox 251 1276 424 1336; x_wconf 80' lang='lat' dir='ltr'><strong>calefactum</strong></span> <span class='ocrx_word' id='word_1_82' title='bbox 451 1277 606 1355; x_wconf 92' lang='lat' dir='ltr'><strong>proprium</strong></span> <span class='ocrx_word' id='word_1_83' title='bbox 634 1275 757 1336; x_wconf 93' lang='lat' dir='ltr'><strong>odorem</strong></span> <span class='ocrx_word' id='word_1_84' title='bbox 785 1274 908 1335; x_wconf 84' lang='lat' dir='ltr'><strong>exhalet.</strong></span> <span class='ocrx_word' id='word_1_85' title='bbox 955 1281 985 1335; x_wconf 90' lang='lat' dir='ltr'><strong>et</strong></span> <span class='ocrx_word' id='word_1_86' title='bbox 1013 1273 1155 1337; x_wconf 81' lang='lat' dir='ltr'><strong>similiter</strong></span> 
     </span>
     <span class='ocr_line' id='line_1_13' title="bbox 133 1363 1155 1442; baseline -0.001 -17"><span class='ocrx_word' id='word_1_87' title='bbox 133 1365 242 1425; x_wconf 90' lang='lat' dir='ltr'><strong>cotidie</strong></span> <span class='ocrx_word' id='word_1_88' title='bbox 271 1363 395 1441; x_wconf 89' lang='lat' dir='ltr'><strong>agitabis</strong></span> <span class='ocrx_word' id='word_1_89' title='bbox 418 1363 524 1423; x_wconf 89' lang='lat' dir='ltr'><strong>diebus</strong></span> <span class='ocrx_word' id='word_1_90' title='bbox 547 1363 618 1423; x_wconf 93' lang='lat' dir='ltr'><strong>Vlll.</strong></span> <span class='ocrx_word' id='word_1_91' title='bbox 665 1366 709 1424; x_wconf 90' lang='lat' dir='ltr'><strong>sio</strong></span> <span class='ocrx_word' id='word_1_92' title='bbox 733 1364 823 1424; x_wconf 87' lang='lat' dir='ltr'><strong>iacies</strong></span> <span class='ocrx_word' id='word_1_93' title='bbox 851 1381 963 1442; x_wconf 91' lang='lat' dir='ltr'><strong>ponere</strong></span> <span class='ocrx_word' id='word_1_94' title='bbox 987 1368 1018 1423; x_wconf 93' lang='lat' dir='ltr'><strong>et</strong></span> <span class='ocrx_word' id='word_1_95' title='bbox 1047 1370 1155 1442; x_wconf 90' lang='lat' dir='ltr'><strong>postea</strong></span> 
     </span>
     <span class='ocr_line' id='line_1_14' title="bbox 132 1451 1154 1531; baseline 0.002 -18"><span class='ocrx_word' id='word_1_96' title='bbox 132 1454 226 1513; x_wconf 91' lang='lat' dir='ltr'><strong>uteris</strong></span> <span class='ocrx_word' id='word_1_97' title='bbox 249 1458 409 1530; x_wconf 87' lang='lat' dir='ltr'><strong>unguento.</strong></span> <span class='ocrx_word' id='word_1_98' title='bbox 447 1459 515 1512; x_wconf 86' lang='lat' dir='ltr'><strong>ante</strong></span> <span class='ocrx_word' id='word_1_99' title='bbox 538 1458 637 1512; x_wconf 92' lang='lat' dir='ltr'><strong>tamen</strong></span> <span class='ocrx_word' id='word_1_100' title='bbox 661 1452 765 1531; x_wconf 92' lang='lat' dir='ltr'><strong>gallico</strong></span> <span class='ocrx_word' id='word_1_101' title='bbox 790 1470 899 1531; x_wconf 86' lang='lat' dir='ltr'><strong>sapone</strong></span> <span class='ocrx_word' id='word_1_102' title='bbox 919 1459 1008 1530; x_wconf 81' lang='lat' dir='ltr'><strong>ceput</strong></span> <span class='ocrx_word' id='word_1_103' title='bbox 1029 1451 1154 1515; x_wconf 82' lang='lat' dir='ltr'><strong>lavalds.</strong></span> 
     </span>
     <span class='ocr_line' id='line_1_15' title="bbox 221 1539 1154 1620; baseline 0.005 -21"><span class='ocrx_word' id='word_1_104' title='bbox 221 1540 313 1619; x_wconf 89' lang='lat' dir='ltr'><strong>aliqui</strong></span> <span class='ocrx_word' id='word_1_105' title='bbox 340 1558 410 1600; x_wconf 88' lang='lat' dir='ltr'><strong>vero</strong></span> <span class='ocrx_word' id='word_1_106' title='bbox 442 1540 608 1601; x_wconf 89' lang='lat' dir='ltr'><strong>consultius</strong></span> <span class='ocrx_word' id='word_1_107' title='bbox 640 1549 761 1620; x_wconf 89' lang='lat' dir='ltr'><strong>agentes</strong></span> <span class='ocrx_word' id='word_1_108' title='bbox 789 1548 859 1619; x_wconf 90' lang='lat' dir='ltr'><strong>post</strong></span> <span class='ocrx_word' id='word_1_109' title='bbox 890 1542 995 1619; x_wconf 87' lang='lat' dir='ltr'><strong>capitis</strong></span> <span class='ocrx_word' id='word_1_110' title='bbox 1022 1539 1154 1603; x_wconf 81' lang='lat' dir='ltr'><strong>loturam</strong></span> 
     </span>
     <span class='ocr_line' id='line_1_16' title="bbox 92 1628 1154 1711; baseline 0.002 -23"><span class='ocrx_word' id='word_1_111' title='bbox 92 1640 119 1682; x_wconf 78' lang='lat'><strong>1⁵</strong></span> <span class='ocrx_word' id='word_1_112' title='bbox 132 1628 187 1689; x_wconf 90' lang='lat' dir='ltr'><strong>hac</strong></span> <span class='ocrx_word' id='word_1_113' title='bbox 205 1632 254 1690; x_wconf 91' lang='lat' dir='ltr'><strong>usi</strong></span> <span class='ocrx_word' id='word_1_114' title='bbox 272 1637 342 1689; x_wconf 92' lang='lat' dir='ltr'><strong>sunt</strong></span> <span class='ocrx_word' id='word_1_115' title='bbox 360 1631 509 1691; x_wconf 93' lang='lat' dir='ltr'><strong>unctione.</strong></span> <span class='ocrx_word' id='word_1_116' title='bbox 542 1629 600 1689; x_wconf 94' lang='lat' dir='ltr'><strong>olei</strong></span> <span class='ocrx_word' id='word_1_117' title='bbox 624 1631 738 1690; x_wconf 90' lang='lat' dir='ltr'><strong>cedrini</strong></span> <span class='ocrx_word' id='word_1_118' title='bbox 756 1629 854 1708; x_wconf 87' lang='lat' dir='ltr'><strong>pondo</strong></span> <span class='ocrx_word' id='word_1_119' title='bbox 868 1628 903 1709; x_wconf 94' lang='lat' dir='ltr'><strong>Il,</strong></span> <span class='ocrx_word' id='word_1_120' title='bbox 921 1630 984 1688; x_wconf 79' lang='lat' dir='ltr'><strong>vini</strong></span> <span class='ocrx_word' id='word_1_121' title='bbox 1002 1629 1154 1711; x_wconf 88' lang='lat' dir='ltr'><strong>pondoll,</strong></span> 
     </span>
     <span class='ocr_line' id='line_1_17' title="bbox 133 1717 1154 1799; baseline 0.002 -21"><span class='ocrx_word' id='word_1_122' title='bbox 133 1736 187 1778; x_wconf 86' lang='lat' dir='ltr'><strong>ova</strong></span> <span class='ocrx_word' id='word_1_123' title='bbox 208 1717 261 1799; x_wconf 93' lang='lat' dir='ltr'><strong>Ill,</strong></span> <span class='ocrx_word' id='word_1_124' title='bbox 293 1718 411 1778; x_wconf 86' lang='lat' dir='ltr'><strong>nardini</strong></span> <span class='ocrx_word' id='word_1_125' title='bbox 443 1717 501 1779; x_wconf 90' lang='lat' dir='ltr'><strong>olei</strong></span> <span class='ocrx_word' id='word_1_126' title='bbox 515 1727 517 1730; x_wconf 79' lang='grc'>’</span> <span class='ocrx_word' id='word_1_127' title='bbox 533 1719 631 1798; x_wconf 93' lang='lat' dir='ltr'><strong>pondo</strong></span> <span class='ocrx_word' id='word_1_128' title='bbox 655 1718 686 1778; x_wconf 93' lang='lat' dir='ltr'><strong>V.</strong></span> <span class='ocrx_word' id='word_1_129' title='bbox 735 1718 782 1778; x_wconf 91' lang='lat' dir='ltr'><strong>his</strong></span> <span class='ocrx_word' id='word_1_130' title='bbox 815 1717 953 1778; x_wconf 89' lang='lat' dir='ltr'><strong>omnibus</strong></span> <span class='ocrx_word' id='word_1_131' title='bbox 985 1719 1091 1779; x_wconf 85' lang='lat' dir='ltr'><strong>mixtis</strong></span> <span class='ocrx_word' id='word_1_132' title='bbox 1122 1726 1154 1781; x_wconf 84' lang='lat' dir='ltr'><strong>et</strong></span> 
     </span>
     <span class='ocr_line' id='line_1_18' title="bbox 133 1803 418 1887; baseline 0.004 -22"><span class='ocrx_word' id='word_1_133' title='bbox 133 1808 249 1886; x_wconf 88' lang='lat' dir='ltr'><strong>agitatis</strong></span> <span class='ocrx_word' id='word_1_134' title='bbox 272 1803 418 1887; x_wconf 76' lang='lat' dir='ltr'><strong>(uteris).</strong></span> 
     </span>
    </p>
   </div>
   <div class='ocr_carea' id='block_1_7' title="bbox 130 1975 1156 2473">
    <p class='ocr_par' dir='ltr' id='par_1_7' title="bbox 130 1975 1156 2473">
     <span class='ocr_line' id='line_1_19' title="bbox 205 1975 1156 2049; baseline 0.002 -17"><span class='ocrx_word' id='word_1_135' title='bbox 205 1981 219 2032; x_wconf 90' lang='lat'>1</span> <span class='ocrx_word' id='word_1_136' title='bbox 243 1976 351 2045; x_wconf 83' lang='lat' dir='ltr'><strong>lignum</strong></span> <span class='ocrx_word' id='word_1_137' title='bbox 373 1979 422 2034; x_wconf 76' lang='lat' dir='ltr'><strong>bt:</strong></span> <span class='ocrx_word' id='word_1_138' title='bbox 449 1977 589 2032; x_wconf 79' lang='lat' dir='ltr'><strong>miliirum</strong></span> <span class='ocrx_word' id='word_1_139' title='bbox 616 1980 675 2049; x_wconf 82' lang='lat' dir='ltr'><strong>(sic)</strong></span> <span class='ocrx_word' id='word_1_140' title='bbox 693 1980 722 2034; x_wconf 91' lang='lat' dir='ltr'><em>B</em></span> <span class='ocrx_word' id='word_1_141' title='bbox 745 1976 842 2046; x_wconf 88' lang='lat' dir='ltr'><strong>(nidor</strong></span> <span class='ocrx_word' id='word_1_142' title='bbox 863 1978 882 2032; x_wconf 79' lang='lat' dir='ltr'><strong>i.</strong></span> <span class='ocrx_word' id='word_1_143' title='bbox 906 1975 1001 2046; x_wconf 64' lang='lat' dir='ltr'><strong>tapete</strong></span> <span class='ocrx_word' id='word_1_144' title='bbox 1023 1976 1059 2044; x_wconf 76' lang='lat' dir='ltr'><strong>cf.</strong></span> <span class='ocrx_word' id='word_1_145' title='bbox 1086 1976 1156 2034; x_wconf 48' lang='lat' dir='ltr'><strong>Gai,</strong></span> 
     </span>
     <span class='ocr_line' id='line_1_20' title="bbox 133 2046 1153 2120; baseline -0.002 -15"><span class='ocrx_word' id='word_1_146' title='bbox 133 2049 207 2116; x_wconf 82' lang='grc' dir='ltr'><strong>ΧΠ,</strong></span> <span class='ocrx_word' id='word_1_147' title='bbox 225 2053 272 2118; x_wconf 81' lang='lat'><strong>62,</strong></span> <span class='ocrx_word' id='word_1_148' title='bbox 292 2051 500 2118; x_wconf 80' lang='lat' dir='ltr'><strong>Diosc.1,105</strong></span> <span class='ocrx_word' id='word_1_149' title='bbox 518 2057 544 2105; x_wconf 85' lang='lat' dir='ltr'><strong>et</strong></span> <span class='ocrx_word' id='word_1_150' title='bbox 561 2052 617 2120; x_wconf 84' lang='lat'>96).</span> <span class='ocrx_word' id='word_1_151' title='bbox 759 2054 775 2101; x_wconf 82' lang='lat'>2</span> <span class='ocrx_word' id='word_1_152' title='bbox 794 2048 869 2102; x_wconf 90' lang='lat' dir='ltr'><strong>unde</strong></span> <span class='ocrx_word' id='word_1_153' title='bbox 887 2046 959 2101; x_wconf 87' lang='lat' dir='ltr'><strong>haec</strong></span> <span class='ocrx_word' id='word_1_154' title='bbox 978 2049 1025 2116; x_wconf 87' lang='lat' dir='ltr'><strong>(B,</strong></span> <span class='ocrx_word' id='word_1_155' title='bbox 1044 2047 1065 2100; x_wconf 89' lang='lat' dir='ltr'><strong>h</strong></span> <span class='ocrx_word' id='word_1_156' title='bbox 1083 2050 1110 2118; x_wconf 76' lang='lat' dir='ltr'><strong>r)</strong></span> <span class='ocrx_word' id='word_1_157' title='bbox 1129 2064 1153 2104; x_wconf 88' lang='lat' dir='ltr'><strong>s.</strong></span> 
     </span>
     <span class='ocr_line' id='line_1_21' title="bbox 132 2116 1155 2193; baseline -0.001 -20"><span class='ocrx_word' id='word_1_158' title='bbox 132 2120 249 2190; x_wconf 84' lang='lat' dir='ltr'><strong>tangere</strong></span> <span class='ocrx_word' id='word_1_159' title='bbox 269 2122 377 2189; x_wconf 87' lang='lat' dir='ltr'><strong>(curare</strong></span> <span class='ocrx_word' id='word_1_160' title='bbox 391 2123 416 2191; x_wconf 74' lang='lat' dir='ltr'><strong>a)</strong></span> <span class='ocrx_word' id='word_1_161' title='bbox 431 2121 457 2176; x_wconf 83' lang='lat' dir='ltr'><strong>d</strong></span> <span class='ocrx_word' id='word_1_162' title='bbox 472 2123 521 2177; x_wconf 84' lang='lat' dir='ltr'><strong>Br</strong></span> <span class='ocrx_word' id='word_1_163' title='bbox 540 2123 586 2193; x_wconf 88' lang='lat' dir='ltr'><strong>(c):</strong></span> <span class='ocrx_word' id='word_1_164' title='bbox 610 2120 717 2175; x_wconf 83' lang='lat' dir='ltr'><strong>eteius</strong></span> <span class='ocrx_word' id='word_1_165' title='bbox 736 2118 880 2189; x_wconf 84' lang='lat' dir='ltr'><strong>pulverem</strong></span> <span class='ocrx_word' id='word_1_166' title='bbox 899 2116 1024 2188; x_wconf 89' lang='lat' dir='ltr'><strong>colliges.</strong></span> <span class='ocrx_word' id='word_1_167' title='bbox 1053 2134 1155 2188; x_wconf 88' lang='lat' dir='ltr'><strong>super-</strong></span> 
     </span>
     <span class='ocr_line' id='line_1_22' title="bbox 133 2187 1153 2262; baseline 0.001 -20"><span class='ocrx_word' id='word_1_168' title='bbox 133 2189 200 2244; x_wconf 82' lang='lat' dir='ltr'><strong>cilia</strong></span> <span class='ocrx_word' id='word_1_169' title='bbox 218 2190 322 2245; x_wconf 90' lang='lat' dir='ltr'><strong>illinies</strong></span> <span class='ocrx_word' id='word_1_170' title='bbox 341 2193 365 2247; x_wconf 89' lang='lat' dir='ltr'><strong>b.</strong></span> <span class='ocrx_word' id='word_1_171' title='bbox 478 2198 494 2246; x_wconf 83' lang='lat'><strong>3</strong></span> <span class='ocrx_word' id='word_1_172' title='bbox 514 2193 623 2262; x_wconf 71' lang='lat' dir='ltr'><strong>(Buba.)</strong></span> <span class='ocrx_word' id='word_1_173' title='bbox 641 2192 683 2247; x_wconf 92' lang='lat' dir='ltr'><strong>Dc</strong></span> <span class='ocrx_word' id='word_1_174' title='bbox 702 2209 738 2246; x_wconf 86' lang='lat' dir='ltr'><strong>cr.</strong></span> <span class='ocrx_word' id='word_1_175' title='bbox 757 2207 818 2259; x_wconf 85' lang='lat' dir='ltr'><strong>cap.</strong></span> <span class='ocrx_word' id='word_1_176' title='bbox 838 2191 871 2243; x_wconf 85' lang='lat' dir='ltr'><strong>ut</strong></span> <span class='ocrx_word' id='word_1_177' title='bbox 888 2188 939 2243; x_wconf 90' lang='lat' dir='ltr'><strong>ubi</strong></span> <span class='ocrx_word' id='word_1_178' title='bbox 955 2187 1080 2244; x_wconf 81' lang='lat' dir='ltr'><strong>volueris</strong></span> <span class='ocrx_word' id='word_1_179' title='bbox 1099 2207 1153 2244; x_wconf 90' lang='lat' dir='ltr'><strong>nu-</strong></span> 
     </span>
     <span class='ocr_line' id='line_1_23' title="bbox 131 2259 1155 2331; baseline 0.003 -18"><span class='ocrx_word' id='word_1_180' title='bbox 131 2260 255 2314; x_wconf 79' lang='lat' dir='ltr'><strong>triantur</strong></span> <span class='ocrx_word' id='word_1_181' title='bbox 274 2263 341 2331; x_wconf 86' lang='lat' dir='ltr'><strong>b(c)‚</strong></span> <span class='ocrx_word' id='word_1_182' title='bbox 365 2261 406 2316; x_wconf 89' lang='lat' dir='ltr'><strong>De</strong></span> <span class='ocrx_word' id='word_1_183' title='bbox 426 2263 574 2318; x_wconf 85' lang='lat' dir='ltr'><strong>crementis</strong></span> <span class='ocrx_word' id='word_1_184' title='bbox 598 2279 694 2317; x_wconf 88' lang='lat' dir='ltr'><strong>eorum</strong></span> <span class='ocrx_word' id='word_1_185' title='bbox 711 2263 758 2316; x_wconf 91' lang='grc' dir='ltr'><strong>ΠΙ.</strong></span> <span class='ocrx_word' id='word_1_186' title='bbox 778 2262 805 2315; x_wconf 90' lang='grc' dir='ltr'><em>Β</em></span> <span class='ocrx_word' id='word_1_187' title='bbox 825 2263 866 2330; x_wconf 80' lang='lat' dir='ltr'><strong>(ot</strong></span> <span class='ocrx_word' id='word_1_188' title='bbox 883 2262 916 2315; x_wconf 72' lang='lat' dir='ltr'><strong>ic</strong></span> <span class='ocrx_word' id='word_1_189' title='bbox 932 2261 1019 2331; x_wconf 76' lang='lat' dir='ltr'><strong>iod),</strong></span> <span class='ocrx_word' id='word_1_190' title='bbox 1042 2260 1082 2314; x_wconf 82' lang='lat' dir='ltr'><strong>Ut</strong></span> <span class='ocrx_word' id='word_1_191' title='bbox 1100 2259 1155 2316; x_wconf 88' lang='lat' dir='ltr'><strong>ubi</strong></span> 
     </span>
     <span class='ocr_line' id='line_1_24' title="bbox 130 2330 1153 2402; baseline 0.002 -18"><span class='ocrx_word' id='word_1_192' title='bbox 130 2343 157 2385; x_wconf 75' lang='lat' dir='ltr'><strong>v.</strong></span> <span class='ocrx_word' id='word_1_193' title='bbox 175 2330 339 2384; x_wconf 84' lang='lat' dir='ltr'><strong>nutriantur</strong></span> <span class='ocrx_word' id='word_1_194' title='bbox 355 2350 379 2386; x_wconf 81' lang='lat' dir='ltr'><strong>r.</strong></span> <span class='ocrx_word' id='word_1_195' title='bbox 439 2338 457 2385; x_wconf 83' lang='lat'>4</span> <span class='ocrx_word' id='word_1_196' title='bbox 475 2333 741 2388; x_wconf 83' lang='lat' dir='ltr'><strong>Aliud—crementa</strong></span> <span class='ocrx_word' id='word_1_197' title='bbox 759 2334 800 2389; x_wconf 84' lang='lat' dir='ltr'><strong>B:</strong></span> <span class='ocrx_word' id='word_1_198' title='bbox 819 2349 869 2387; x_wconf 85' lang='lat' dir='ltr'><strong>om.</strong></span> <span class='ocrx_word' id='word_1_199' title='bbox 889 2333 949 2402; x_wconf 86' lang='lat' dir='ltr'><strong>b(c)</strong></span> <span class='ocrx_word' id='word_1_200' title='bbox 958 2349 982 2387; x_wconf 84' lang='lat' dir='ltr'><strong>r.</strong></span> <span class='ocrx_word' id='word_1_201' title='bbox 1046 2330 1153 2402; x_wconf 72' lang='lat' dir='ltr'><strong>ipoli-</strong></span> 
     </span>
     <span class='ocr_line' id='line_1_25' title="bbox 130 2399 1152 2473; baseline 0.008 -20"><span class='ocrx_word' id='word_1_202' title='bbox 130 2399 195 2454; x_wconf 84' lang='lat' dir='ltr'><strong>tn&#39;ci</strong></span> <span class='ocrx_word' id='word_1_203' title='bbox 214 2401 257 2469; x_wconf 81' lang='lat' dir='ltr'><strong>br,</strong></span> <span class='ocrx_word' id='word_1_204' title='bbox 277 2417 364 2455; x_wconf 84' lang='lat' dir='ltr'><strong>—cee</strong></span> <span class='ocrx_word' id='word_1_205' title='bbox 382 2403 417 2456; x_wconf 90' lang='lat' dir='ltr'><strong>B.</strong></span> <span class='ocrx_word' id='word_1_206' title='bbox 542 2408 558 2456; x_wconf 78' lang='grc' dir='ltr'>ὅ</span> <span class='ocrx_word' id='word_1_207' title='bbox 576 2402 670 2472; x_wconf 92' lang='lat' dir='ltr'><strong>pondo</strong></span> <span class='ocrx_word' id='word_1_208' title='bbox 689 2407 746 2472; x_wconf 78' lang='lat' dir='ltr'><strong>Bc,</strong></span> <span class='ocrx_word' id='word_1_209' title='bbox 764 2402 859 2471; x_wconf 80' lang='lat' dir='ltr'><strong>ponda</strong></span> <span class='ocrx_word' id='word_1_210' title='bbox 877 2404 941 2471; x_wconf 86' lang='lat' dir='ltr'><strong>b(B</strong></span> <span class='ocrx_word' id='word_1_211' title='bbox 953 2404 972 2473; x_wconf 86' lang='lat'><strong>).</strong></span> <span class='ocrx_word' id='word_1_212' title='bbox 1054 2403 1114 2457; x_wconf 80' lang='lat' dir='ltr'><strong>dua</strong></span> <span class='ocrx_word' id='word_1_213' title='bbox 1126 2420 1152 2462; x_wconf 83' lang='lat' dir='ltr'><strong>r.</strong></span> 
     </span>
    </p>
   </div>
   <div class='ocr_carea' id='block_1_8' title="bbox 130 2486 1153 2652">
    <p class='ocr_par' dir='ltr' id='par_1_8' title="bbox 130 2486 1153 2652">
     <span class='ocr_line' id='line_1_26' title="bbox 131 2486 1153 2580; baseline 0.004 -21"><span class='ocrx_word' id='word_1_214' title='bbox 131 2504 256 2559; x_wconf 87' lang='lat' dir='ltr'><strong>eiusdem</strong></span> <span class='ocrx_word' id='word_1_215' title='bbox 274 2506 361 2578; x_wconf 72' lang='lat' dir='ltr'><strong>herbe</strong></span> <span class='ocrx_word' id='word_1_216' title='bbox 381 2508 425 2562; x_wconf 84' lang='lat' dir='ltr'><strong>br.</strong></span> <span class='ocrx_word' id='word_1_217' title='bbox 518 2486 968 2580; x_wconf 70' lang='lat' dir='ltr'><strong>o(r)p0nd013r‚13e‚ponr.</strong></span> <span class='ocrx_word' id='word_1_218' title='bbox 1040 2507 1153 2579; x_wconf 76' lang='lat' dir='ltr'><strong>hispsri</strong></span> 
     </span>
     <span class='ocr_line' id='line_1_27' title="bbox 130 2577 1152 2652; baseline 0.005 -22"><span class='ocrx_word' id='word_1_219' title='bbox 130 2577 190 2646; x_wconf 79' lang='lat' dir='ltr'><strong>(sic)</strong></span> <span class='ocrx_word' id='word_1_220' title='bbox 213 2578 254 2644; x_wconf 87' lang='lat' dir='ltr'><strong>B,</strong></span> <span class='ocrx_word' id='word_1_221' title='bbox 282 2577 365 2646; x_wconf 82' lang='lat' dir='ltr'><strong>spani</strong></span> <span class='ocrx_word' id='word_1_222' title='bbox 388 2579 431 2634; x_wconf 76' lang='lat' dir='ltr'><strong>br.</strong></span> <span class='ocrx_word' id='word_1_223' title='bbox 531 2586 546 2634; x_wconf 78' lang='lat' dir='ltr'><strong>l</strong></span> <span class='ocrx_word' id='word_1_224' title='bbox 574 2578 717 2650; x_wconf 74' lang='lat' dir='ltr'><strong>galiorum</strong></span> <span class='ocrx_word' id='word_1_225' title='bbox 743 2583 837 2652; x_wconf 91' lang='lat' dir='ltr'><strong>pondo</strong></span> <span class='ocrx_word' id='word_1_226' title='bbox 860 2581 885 2636; x_wconf 89' lang='lat' dir='ltr'><strong>H</strong></span> <span class='ocrx_word' id='word_1_227' title='bbox 912 2584 955 2649; x_wconf 87' lang='lat' dir='ltr'><strong>B,</strong></span> <span class='ocrx_word' id='word_1_228' title='bbox 980 2578 1057 2650; x_wconf 79' lang='lat' dir='ltr'><strong>galle</strong></span> <span class='ocrx_word' id='word_1_229' title='bbox 1085 2578 1152 2649; x_wconf 87' lang='lat' dir='ltr'><strong>pul·</strong></span> 
     </span>
    </p>
   </div>
   <div class='ocr_carea' id='block_1_9' title="bbox 129 2661 1151 3254">
    <p class='ocr_par' dir='ltr' id='par_1_9' title="bbox 131 2661 1112 2765">
     <span class='ocr_line' id='line_1_28' title="bbox 131 2661 1112 2765; baseline 0.006 -29"><span class='ocrx_word' id='word_1_230' title='bbox 131 2697 225 2765; x_wconf 74' lang='lat' dir='ltr'><strong>veram</strong></span> <span class='ocrx_word' id='word_1_231' title='bbox 244 2685 333 2751; x_wconf 86' lang='lat' dir='ltr'><strong>(—res</strong></span> <span class='ocrx_word' id='word_1_232' title='bbox 351 2687 376 2755; x_wconf 81' lang='lat' dir='ltr'><strong>r)</strong></span> <span class='ocrx_word' id='word_1_233' title='bbox 395 2661 417 2754; x_wconf 55' lang='lat' dir='ltr'><strong>p)</strong></span> <span class='ocrx_word' id='word_1_234' title='bbox 434 2686 501 2754; x_wconf 68' lang='lat' dir='ltr'><strong>(poi</strong></span> <span class='ocrx_word' id='word_1_235' title='bbox 519 2688 543 2756; x_wconf 83' lang='lat' dir='ltr'><strong>r)</strong></span> <span class='ocrx_word' id='word_1_236' title='bbox 562 2685 596 2741; x_wconf 91' lang='grc' dir='ltr'><strong>Π.</strong></span> <span class='ocrx_word' id='word_1_237' title='bbox 617 2687 660 2742; x_wconf 84' lang='lat' dir='ltr'><strong>br.</strong></span> <span class='ocrx_word' id='word_1_238' title='bbox 744 2694 760 2742; x_wconf 93' lang='lat'>8</span> <span class='ocrx_word' id='word_1_239' title='bbox 778 2689 805 2746; x_wconf 85' lang='lat' dir='ltr'><strong>fl.</strong></span> <span class='ocrx_word' id='word_1_240' title='bbox 825 2685 1048 2759; x_wconf 76' lang='lat' dir='ltr'><strong>suprascriptos</strong></span> <span class='ocrx_word' id='word_1_241' title='bbox 1067 2686 1112 2742; x_wconf 77' lang='lat' dir='ltr'><strong>br.</strong></span> 
     </span>
    </p>

    <p class='ocr_par' dir='ltr' id='par_1_10' title="bbox 129 2755 1151 3254">
     <span class='ocr_line' id='line_1_29' title="bbox 131 2755 1151 2825; baseline 0.007 -20"><span class='ocrx_word' id='word_1_242' title='bbox 131 2759 147 2806; x_wconf 89' lang='lat'>9</span> <span class='ocrx_word' id='word_1_243' title='bbox 166 2769 255 2807; x_wconf 78' lang='lat' dir='ltr'><strong>siccas</strong></span> <span class='ocrx_word' id='word_1_244' title='bbox 275 2755 319 2809; x_wconf 77' lang='lat' dir='ltr'><strong>br.</strong></span> <span class='ocrx_word' id='word_1_245' title='bbox 411 2771 521 2824; x_wconf 90' lang='lat' dir='ltr'><strong>quoque</strong></span> <span class='ocrx_word' id='word_1_246' title='bbox 540 2759 580 2812; x_wconf 90' lang='lat' dir='ltr'><strong>B:</strong></span> <span class='ocrx_word' id='word_1_247' title='bbox 600 2774 651 2814; x_wconf 89' lang='lat' dir='ltr'><strong>om.</strong></span> <span class='ocrx_word' id='word_1_248' title='bbox 671 2760 714 2815; x_wconf 77' lang='lat' dir='ltr'><strong>br,</strong></span> <span class='ocrx_word' id='word_1_249' title='bbox 818 2760 849 2815; x_wconf 90' lang='lat' dir='ltr'><strong>in</strong></span> <span class='ocrx_word' id='word_1_250' title='bbox 866 2777 917 2815; x_wconf 81' lang='lat' dir='ltr'><strong>ves</strong></span> <span class='ocrx_word' id='word_1_251' title='bbox 936 2757 1042 2812; x_wconf 78' lang='lat' dir='ltr'><strong>mundi</strong></span> <span class='ocrx_word' id='word_1_252' title='bbox 1062 2758 1099 2825; x_wconf 84' lang='lat' dir='ltr'><strong>B,</strong></span> <span class='ocrx_word' id='word_1_253' title='bbox 1118 2756 1151 2812; x_wconf 81' lang='lat' dir='ltr'><strong>ln</strong></span> 
     </span>
     <span class='ocr_line' id='line_1_30' title="bbox 130 2825 1075 2901; baseline 0.004 -22"><span class='ocrx_word' id='word_1_254' title='bbox 130 2841 197 2879; x_wconf 82' lang='lat' dir='ltr'><strong>vase</strong></span> <span class='ocrx_word' id='word_1_255' title='bbox 215 2840 288 2879; x_wconf 83' lang='lat' dir='ltr'><strong>novo</strong></span> <span class='ocrx_word' id='word_1_256' title='bbox 308 2826 331 2895; x_wconf 86' lang='lat' dir='ltr'><strong>h,</strong></span> <span class='ocrx_word' id='word_1_257' title='bbox 350 2825 381 2879; x_wconf 91' lang='lat' dir='ltr'><strong>in</strong></span> <span class='ocrx_word' id='word_1_258' title='bbox 398 2832 469 2880; x_wconf 73' lang='lat' dir='ltr'><strong>vasis</strong></span> <span class='ocrx_word' id='word_1_259' title='bbox 487 2833 561 2882; x_wconf 71' lang='lat' dir='ltr'><strong>novit</strong></span> <span class='ocrx_word' id='word_1_260' title='bbox 581 2847 603 2883; x_wconf 79' lang='lat' dir='ltr'><strong>r.</strong></span> <span class='ocrx_word' id='word_1_261' title='bbox 678 2836 712 2884; x_wconf 89' lang='lat'><strong>10</strong></span> <span class='ocrx_word' id='word_1_262' title='bbox 730 2831 820 2886; x_wconf 84' lang='lat' dir='ltr'><strong>mittis</strong></span> <span class='ocrx_word' id='word_1_263' title='bbox 834 2830 979 2901; x_wconf 79' lang='lat' dir='ltr'><strong>...agitas</strong></span> <span class='ocrx_word' id='word_1_264' title='bbox 998 2829 1075 2883; x_wconf 77' lang='lat' dir='ltr'><strong>Ber.</strong></span> 
     </span>
     <span class='ocr_line' id='line_1_31' title="bbox 131 2895 1149 2970; baseline 0.005 -20"><span class='ocrx_word' id='word_1_265' title='bbox 131 2902 163 2950; x_wconf 91' lang='lat'><strong>11</strong></span> <span class='ocrx_word' id='word_1_266' title='bbox 184 2895 273 2950; x_wconf 86' lang='lat' dir='ltr'><strong>veluti</strong></span> <span class='ocrx_word' id='word_1_267' title='bbox 290 2903 316 2952; x_wconf 88' lang='lat' dir='ltr'><strong>et</strong></span> <span class='ocrx_word' id='word_1_268' title='bbox 333 2897 478 2967; x_wconf 88' lang='lat' dir='ltr'><strong>proprium</strong></span> <span class='ocrx_word' id='word_1_269' title='bbox 495 2899 535 2953; x_wconf 90' lang='lat' dir='ltr'><strong>B:</strong></span> <span class='ocrx_word' id='word_1_270' title='bbox 556 2916 605 2954; x_wconf 88' lang='lat' dir='ltr'><strong>om.</strong></span> <span class='ocrx_word' id='word_1_271' title='bbox 625 2901 670 2956; x_wconf 81' lang='lat' dir='ltr'><strong>br.</strong></span> <span class='ocrx_word' id='word_1_272' title='bbox 796 2900 914 2955; x_wconf 85' lang='lat' dir='ltr'><strong>exhalet</strong></span> <span class='ocrx_word' id='word_1_273' title='bbox 928 2902 968 2956; x_wconf 88' lang='lat' dir='ltr'><strong>B:</strong></span> <span class='ocrx_word' id='word_1_274' title='bbox 988 2897 1103 2954; x_wconf 78' lang='lat' dir='ltr'><strong>dimiies</strong></span> <span class='ocrx_word' id='word_1_275' title='bbox 1123 2900 1149 2970; x_wconf 85' lang='lat' dir='ltr'><strong>b,</strong></span> 
     </span>
     <span class='ocr_line' id='line_1_32' title="bbox 131 2967 1150 3043; baseline 0.005 -22"><span class='ocrx_word' id='word_1_276' title='bbox 131 2967 265 3022; x_wconf 81' lang='lat' dir='ltr'><strong>demittat</strong></span> <span class='ocrx_word' id='word_1_277' title='bbox 281 2986 304 3023; x_wconf 80' lang='lat' dir='ltr'><strong>r.</strong></span> <span class='ocrx_word' id='word_1_278' title='bbox 388 2970 418 3023; x_wconf 83' lang='lat' dir='ltr'><strong>et</strong></span> <span class='ocrx_word' id='word_1_279' title='bbox 436 2985 456 3023; x_wconf 85' lang='lat' dir='ltr'><strong>s.</strong></span> <span class='ocrx_word' id='word_1_280' title='bbox 477 2969 594 3025; x_wconf 88' lang='lat' dir='ltr'><strong>cottidie</strong></span> <span class='ocrx_word' id='word_1_281' title='bbox 618 2971 711 3041; x_wconf 77' lang='lat' dir='ltr'><strong>agites</strong></span> <span class='ocrx_word' id='word_1_282' title='bbox 730 2972 756 3026; x_wconf 88' lang='lat' dir='ltr'><strong>d.</strong></span> <span class='ocrx_word' id='word_1_283' title='bbox 775 2970 841 3025; x_wconf 89' lang='lat' dir='ltr'><strong>VIII</strong></span> <span class='ocrx_word' id='word_1_284' title='bbox 859 2972 899 3024; x_wconf 87' lang='lat' dir='ltr'><strong>B:</strong></span> <span class='ocrx_word' id='word_1_285' title='bbox 923 2972 953 3025; x_wconf 84' lang='lat' dir='ltr'><strong>et</strong></span> <span class='ocrx_word' id='word_1_286' title='bbox 975 2973 1021 3038; x_wconf 88' lang='lat' dir='ltr'><strong>(ex</strong></span> <span class='ocrx_word' id='word_1_287' title='bbox 1038 2973 1064 3041; x_wconf 79' lang='lat' dir='ltr'><strong>r)</strong></span> <span class='ocrx_word' id='word_1_288' title='bbox 1087 2969 1150 3043; x_wconf 78' lang='lat' dir='ltr'><strong>agi·</strong></span> 
     </span>
     <span class='ocr_line' id='line_1_33' title="bbox 129 3038 1150 3111; baseline 0.004 -19"><span class='ocrx_word' id='word_1_289' title='bbox 129 3038 206 3092; x_wconf 85' lang='lat' dir='ltr'><strong>tehis</strong></span> <span class='ocrx_word' id='word_1_290' title='bbox 226 3056 247 3094; x_wconf 90' lang='lat' dir='ltr'><strong>s.</strong></span> <span class='ocrx_word' id='word_1_291' title='bbox 262 3055 312 3108; x_wconf 89' lang='lat' dir='ltr'><strong>per</strong></span> <span class='ocrx_word' id='word_1_292' title='bbox 327 3038 386 3094; x_wconf 88' lang='lat' dir='ltr'><strong>dies</strong></span> <span class='ocrx_word' id='word_1_293' title='bbox 402 3039 487 3095; x_wconf 87' lang='lat' dir='ltr'><strong>VIIII.</strong></span> <span class='ocrx_word' id='word_1_294' title='bbox 504 3042 549 3096; x_wconf 86' lang='lat' dir='ltr'><strong>br.</strong></span> <span class='ocrx_word' id='word_1_295' title='bbox 588 3047 621 3095; x_wconf 73' lang='lat'><strong>12</strong></span> <span class='ocrx_word' id='word_1_296' title='bbox 641 3041 681 3096; x_wconf 88' lang='lat' dir='ltr'><strong>sic</strong></span> <span class='ocrx_word' id='word_1_297' title='bbox 699 3041 718 3096; x_wconf 80' lang='lat' dir='ltr'><strong>f.</strong></span> <span class='ocrx_word' id='word_1_298' title='bbox 737 3056 840 3111; x_wconf 88' lang='lat' dir='ltr'><strong>ponere</strong></span> <span class='ocrx_word' id='word_1_299' title='bbox 855 3042 895 3096; x_wconf 90' lang='lat' dir='ltr'><strong>B:</strong></span> <span class='ocrx_word' id='word_1_300' title='bbox 914 3057 966 3095; x_wconf 86' lang='lat' dir='ltr'><strong>om.</strong></span> <span class='ocrx_word' id='word_1_301' title='bbox 985 3043 1022 3096; x_wconf 78' lang='lat' dir='ltr'><strong>br</strong></span> <span class='ocrx_word' id='word_1_302' title='bbox 1040 3043 1101 3111; x_wconf 79' lang='lat' dir='ltr'><strong>(uhi</strong></span> <span class='ocrx_word' id='word_1_303' title='bbox 1119 3042 1150 3096; x_wconf 84' lang='lat' dir='ltr'><strong>ei</strong></span> 
     </span>
     <span class='ocr_line' id='line_1_34' title="bbox 131 3109 1148 3182; baseline 0.007 -20"><span class='ocrx_word' id='word_1_304' title='bbox 131 3109 219 3163; x_wconf 87' lang='lat' dir='ltr'><strong>uteris</strong></span> <span class='ocrx_word' id='word_1_305' title='bbox 237 3113 337 3180; x_wconf 86' lang='lat' dir='ltr'><strong>postea</strong></span> <span class='ocrx_word' id='word_1_306' title='bbox 354 3113 517 3182; x_wconf 81' lang='lat' dir='ltr'><strong>unguento).</strong></span> <span class='ocrx_word' id='word_1_307' title='bbox 591 3119 625 3166; x_wconf 81' lang='lat'><strong>13</strong></span> <span class='ocrx_word' id='word_1_308' title='bbox 645 3112 710 3167; x_wconf 78' lang='lat' dir='ltr'><strong>ante</strong></span> <span class='ocrx_word' id='word_1_309' title='bbox 729 3114 837 3166; x_wconf 83' lang='lat' dir='ltr'><strong>tamen:</strong></span> <span class='ocrx_word' id='word_1_310' title='bbox 857 3112 1022 3167; x_wconf 84' lang='lat' dir='ltr'><strong>attamenB</strong></span> <span class='ocrx_word' id='word_1_311' title='bbox 1037 3114 1082 3182; x_wconf 77' lang='lat' dir='ltr'><strong>(cf.</strong></span> <span class='ocrx_word' id='word_1_312' title='bbox 1098 3114 1148 3169; x_wconf 81' lang='lat' dir='ltr'><strong>br:</strong></span> 
     </span>
     <span class='ocr_line' id='line_1_35' title="bbox 131 3179 1147 3254; baseline 0.006 -22"><span class='ocrx_word' id='word_1_313' title='bbox 131 3179 181 3233; x_wconf 88' lang='lat' dir='ltr'><strong>sed</strong></span> <span class='ocrx_word' id='word_1_314' title='bbox 201 3183 266 3235; x_wconf 83' lang='lat' dir='ltr'><strong>onte</strong></span> <span class='ocrx_word' id='word_1_315' title='bbox 289 3181 352 3236; x_wconf 88' lang='lat' dir='ltr'><strong>loca</strong></span> <span class='ocrx_word' id='word_1_316' title='bbox 376 3198 481 3253; x_wconf 86' lang='lat' dir='ltr'><strong>sapone</strong></span> <span class='ocrx_word' id='word_1_317' title='bbox 504 3182 609 3253; x_wconf 87' lang='lat' dir='ltr'><strong>gallico</strong></span> <span class='ocrx_word' id='word_1_318' title='bbox 628 3213 661 3223; x_wconf 89' lang='lat'>-</span> <span class='ocrx_word' id='word_1_319' title='bbox 680 3181 785 3252; x_wconf 87' lang='lat' dir='ltr'><strong>gallico</strong></span> <span class='ocrx_word' id='word_1_320' title='bbox 804 3197 909 3251; x_wconf 84' lang='lat' dir='ltr'><strong>sapone</strong></span> <span class='ocrx_word' id='word_1_321' title='bbox 927 3200 943 3237; x_wconf 79' lang='lat' dir='ltr'><strong>r</strong></span> <span class='ocrx_word' id='word_1_322' title='bbox 961 3213 996 3223; x_wconf 89' lang='lat'>-</span> <span class='ocrx_word' id='word_1_323' title='bbox 1014 3181 1147 3254; x_wconf 80' lang='lat' dir='ltr'><strong>lavabis).</strong></span> 
     </span>
    </p>
   </div>
   <div class='ocr_carea' id='block_1_10' title="bbox 129 3265 1186 3566">
    <p class='ocr_par' dir='ltr' id='par_1_11' title="bbox 129 3265 1186 3566">
     <span class='ocr_line' id='line_1_36' title="bbox 132 3265 1148 3358; baseline 0.008 -22"><span class='ocrx_word' id='word_1_324' title='bbox 132 3290 166 3337; x_wconf 84' lang='lat'><strong>14</strong></span> <span class='ocrx_word' id='word_1_325' title='bbox 184 3285 443 3355; x_wconf 67' lang='lat' dir='ltr'><strong>usque-unocune</strong></span> <span class='ocrx_word' id='word_1_326' title='bbox 462 3291 502 3347; x_wconf 70' lang='lat' dir='ltr'><strong>e:</strong></span> <span class='ocrx_word' id='word_1_327' title='bbox 522 3307 573 3345; x_wconf 75' lang='lat' dir='ltr'><strong>om.</strong></span> <span class='ocrx_word' id='word_1_328' title='bbox 593 3291 636 3345; x_wconf 65' lang='lat' dir='ltr'><strong>er.</strong></span> <span class='ocrx_word' id='word_1_329' title='bbox 723 3293 756 3342; x_wconf 69' lang='lat'><strong>1⁵</strong></span> <span class='ocrx_word' id='word_1_330' title='bbox 777 3265 796 3358; x_wconf 75' lang='lat' dir='ltr'><strong>i</strong></span> <span class='ocrx_word' id='word_1_331' title='bbox 814 3289 830 3344; x_wconf 79' lang='lat' dir='ltr'><strong>e</strong></span> <span class='ocrx_word' id='word_1_332' title='bbox 849 3290 918 3357; x_wconf 71' lang='lat' dir='ltr'><strong>(oe).</strong></span> <span class='ocrx_word' id='word_1_333' title='bbox 991 3286 1052 3343; x_wconf 79' lang='lat' dir='ltr'><strong>vini</strong></span> <span class='ocrx_word' id='word_1_334' title='bbox 1070 3289 1148 3345; x_wconf 70' lang='lat' dir='ltr'><strong>nora</strong></span> 
     </span>
     <span class='ocr_line' id='line_1_37' title="bbox 130 3370 1186 3466; baseline 0.009 -24"><span class='ocrx_word' id='word_1_335' title='bbox 130 3390 168 3458; x_wconf 88' lang='lat' dir='ltr'><strong>B,</strong></span> <span class='ocrx_word' id='word_1_336' title='bbox 184 3388 245 3444; x_wconf 83' lang='lat' dir='ltr'><strong>vini</strong></span> <span class='ocrx_word' id='word_1_337' title='bbox 262 3370 281 3461; x_wconf 65' lang='lat' dir='ltr'><strong>f)</strong></span> <span class='ocrx_word' id='word_1_338' title='bbox 300 3394 334 3449; x_wconf 92' lang='grc' dir='ltr'><strong>Π.</strong></span> <span class='ocrx_word' id='word_1_339' title='bbox 354 3397 378 3462; x_wconf 84' lang='lat' dir='ltr'><strong>b,</strong></span> <span class='ocrx_word' id='word_1_340' title='bbox 397 3396 457 3450; x_wconf 85' lang='lat' dir='ltr'><strong>vini</strong></span> <span class='ocrx_word' id='word_1_341' title='bbox 474 3401 539 3466; x_wconf 76' lang='lat' dir='ltr'><strong>pofi.</strong></span> <span class='ocrx_word' id='word_1_342' title='bbox 559 3397 579 3451; x_wconf 91' lang='lat' dir='ltr'><strong>I.</strong></span> <span class='ocrx_word' id='word_1_343' title='bbox 599 3413 621 3452; x_wconf 84' lang='lat' dir='ltr'><strong>r.</strong></span> <span class='ocrx_word' id='word_1_344' title='bbox 757 3399 790 3449; x_wconf 81' lang='grc'><strong>16</strong></span> <span class='ocrx_word' id='word_1_345' title='bbox 809 3411 864 3450; x_wconf 87' lang='lat' dir='ltr'><strong>ova</strong></span> <span class='ocrx_word' id='word_1_346' title='bbox 880 3395 927 3449; x_wconf 92' lang='lat' dir='ltr'><strong>III.</strong></span> <span class='ocrx_word' id='word_1_347' title='bbox 947 3393 1005 3463; x_wconf 84' lang='lat' dir='ltr'><strong>(ol&#39;i</strong></span> <span class='ocrx_word' id='word_1_348' title='bbox 1023 3393 1146 3450; x_wconf 78' lang='lat' dir='ltr'><strong>nardini.</strong></span> <span class='ocrx_word' id='word_1_349' title='bbox 1183 3375 1186 3380; x_wconf 34' lang='lat'><strong><em>⁵</em></strong></span> 
     </span>
     <span class='ocr_line' id='line_1_38' title="bbox 129 3473 930 3566; baseline 0.004 -15"><span class='ocrx_word' id='word_1_350' title='bbox 129 3473 148 3566; x_wconf 90' lang='lat' dir='ltr'><strong>⁰p</strong></span> <span class='ocrx_word' id='word_1_351' title='bbox 167 3514 192 3551; x_wconf 83' lang='lat' dir='ltr'><strong>v.</strong></span> <span class='ocrx_word' id='word_1_352' title='bbox 213 3497 260 3552; x_wconf 82' lang='lat' dir='ltr'><strong>br:</strong></span> <span class='ocrx_word' id='word_1_353' title='bbox 280 3497 342 3552; x_wconf 83' lang='lat' dir='ltr'><strong>ovis</strong></span> <span class='ocrx_word' id='word_1_354' title='bbox 360 3501 452 3554; x_wconf 86' lang='lat' dir='ltr'><strong>trihus</strong></span> <span class='ocrx_word' id='word_1_355' title='bbox 471 3505 506 3558; x_wconf 91' lang='lat' dir='ltr'><strong>B.</strong></span> <span class='ocrx_word' id='word_1_356' title='bbox 598 3505 632 3554; x_wconf 75' lang='lat'><strong>1⁷</strong></span> <span class='ocrx_word' id='word_1_357' title='bbox 651 3482 806 3556; x_wconf 71' lang='lat' dir='ltr'><strong>uteriaor:</strong></span> <span class='ocrx_word' id='word_1_358' title='bbox 824 3516 875 3557; x_wconf 87' lang='lat' dir='ltr'><strong>om.</strong></span> <span class='ocrx_word' id='word_1_359' title='bbox 894 3503 930 3556; x_wconf 92' lang='grc' dir='ltr'><strong>Β.</strong></span> 
     </span>
    </p>
   </div>
   <div class='ocr_carea' id='block_1_11' title="bbox 0 0 1200 3922">
    <p class='ocr_par' dir='ltr' id='par_1_12' title="bbox 0 0 1200 3922">
     <span class='ocr_line' id='line_1_39' title="bbox 0 0 1200 3922; baseline 0 1"><span class='ocrx_word' id='word_1_360' title='bbox 0 0 1200 3922; x_wconf 95' lang='lat' dir='ltr'><strong> </strong></span> 
     </span>
    </p>
   </div>
  </div>
 </body>
</html>
