2392 3922
135 180 202 248 406
468 182 813 236 Pssuno-rflsonom

136 343 197 398 tini.
216 342 353 397 virtutem
371 341 479 396 habent
497 340 633 411 frigidam
651 343 681 396 et
704 340 820 410 siccam,
843 339 954 394 faciunt
977 339 1015 392 ad
1038 338 1151 393 femoris

136 419 378 489 subductionem,
406 419 518 474 faciunt
546 420 584 474 ad
607 419 810 490 dysentericos‚
838 419 864 473 si
890 420 1020 474 ventrem
1048 417 1152 472 deforis

136 515 286 554 curaveris.

82 585 115 634 22
205 577 335 632 Bulbus
363 578 394 633 in
426 579 599 634 comedendo
630 577 751 648 frigidus
778 581 835 647 est,
867 581 897 633 et
923 577 995 632 facit
1027 594 1153 632 umorem

136 660 257 730 spissum
280 661 310 714 ct
332 659 480 715 visoidum.
505 676 574 713 nam
595 661 625 714 et
647 658 807 728 indigestus
829 661 874 713 est
896 661 926 713 et
948 657 1153 712 ventositatem
1177 673 1189 714 s

134 739 212 796 facit.
232 740 286 794 hoo
300 739 402 808 solum,
416 738 454 792 ad
468 755 551 792 usum
564 738 684 808 veneris,
698 738 822 808 prodest.
841 737 866 792 si
880 736 943 806 quis
957 753 1026 791 vero
1041 736 1152 791 deferas

135 819 178 873 uti
196 819 327 889 voluerit,
347 821 377 874 et
395 818 518 888 extergit
536 821 566 873 ct
584 817 680 873 siccat.

81 906 114 954 23
205 899 337 954 Blitum
363 898 498 954 virtutem
520 897 609 953 habet
636 896 772 967 frigidam
794 899 824 952 et
850 899 1000 952 umectam.
1031 895 1152 964 denique

135 981 169 1032 et
188 980 230 1032 ad
247 977 422 1034 tertianas
441 977 529 1031 facit
548 977 676 1047 optime
696 976 724 1031 si
743 978 931 1031 comestum
948 975 1067 1032 fuerit.

81 1063 116 1112 24
206 1058 330 1128 Bryon,
354 1057 431 1126 quod
450 1056 597 1126 appellant
616 1056 787 1126 sphagnum‚
813 1055 957 1110 invenitur
980 1057 1032 1109 aut
1055 1055 1086 1109 in
1109 1074 1153 1110 ro·
1166 1065 1192 1113 ro'

133 1140 202 1194 bore
222 1143 272 1194 aut
291 1141 322 1193 in
338 1137 452 1208 populis
466 1136 548 1192 albis.
568 1140 598 1191 et
615 1135 740 1191 mediam
753 1134 889 1190 virtutem
901 1134 999 1204 habet,
1017 1137 1047 1189 et
1060 1135 1152 1206 magis

134 1218 224 1273 siccat
241 1235 328 1286 quam
346 1216 485 1272 calefacit.

81 1304 115 1352 25
206 1295 381 1351 Bdellium
401 1295 537 1359 urtutem
560 1294 684 1350 calidam
706 1295 842 1350 habetet
864 1293 1055 1351 malacticam.
1080 1298 1153 1350 stru-

132 1393 208 1430 mam
231 1373 356 1444 gutturis
381 1376 462 1428 curat
481 1377 510 1429 et
530 1374 720 1444 digestionem
747 1374 942 1444 ventositatis,
972 1378 1001 1430 et
1025 1375 1154 1432 dolorem

133 1454 231 1508 lateris
251 1453 341 1508 sedat.
1167 1469 1190 1509 15

79 1541 113 1589 26
203 1533 368 1600 Butyrum
390 1529 515 1585 calidam
536 1532 674 1587 virtutem
695 1534 797 1604 habet,
823 1538 853 1590 et
876 1535 1016 1606 dispergit
1038 1554 1152 1592 umores

132 1613 243 1667 aurium
251 1610 298 1667 vel
311 1609 468 1680 inguinum,
484 1611 548 1666 oris.
565 1612 687 1681 denique
700 1613 859 1669 infantibus
870 1615 1065 1670 dentientibus
1080 1616 1152 1671 utile

132 1695 184 1762 cst,
204 1693 229 1746 si
246 1691 408 1759 frequenter
426 1689 558 1761 gingivas
577 1691 679 1747 leviter
698 1692 891 1749 adfricaveris.

78 1779 117 1828 22
204 1770 424 1828 Calamintha
441 1770 577 1847 virtutem
594 1771 683 1827 habet
706 1771 831 1827 calidam
849 1775 878 1827 et
897 1773 1002 1828 siccam
1021 1774 1151 1832 nimium.

132 1853 205 1908 etsi
228 1852 291 1921 quis
315 1853 395 1905 cocta
418 1868 493 1919 aqua
511 1853 631 1924 biberit,
657 1853 790 1909 calefacit
812 1856 842 1908 et
866 1855 981 1909 sudores
1004 1858 1151 1924 provocat.
1165 1870 1190 1910 ro

131 1932 238 1988 idcirco
257 1931 328 1988 facit
350 1933 380 1986 et
402 1932 441 1986 ad
463 1931 602 2001 frigorum
624 1936 737 2004 typum,
761 1932 785 1986 si
808 1932 872 2002 quis
895 1933 1014 1988 herbam
1038 1934 1069 1988 in
1089 1935 1151 1991 oleo

133 2013 240 2068 coxerit
259 2016 288 2067 et
307 2011 427 2067 unxerit.

80 2106 113 2156 28
205 2100 387 2156 Cannabis.
417 2117 514 2156 semen
537 2101 597 2156 eius
621 2100 709 2184 siccat
732 2104 762 2156 ct
784 2100 987 2156 ventositatem
1010 2102 1151 2172 dispergit

15 2204 20 2214 ·
131 2181 292 2237 intantum
311 2184 343 2236 ut
361 2180 386 2236 si
405 2178 476 2236 satis
495 2184 651 2236 comestum
668 2181 766 2250 fuerit,
786 2180 896 2236 veneris
915 2198 998 2235 usum
1016 2181 1148 2237 exsiccet.

204 2374 238 2422 10
262 2367 357 2423 Sirion
381 2384 402 2422 a
426 2367 520 2422 Brion.
545 2368 710 2423 Theodorus
737 2369 898 2423 Priscianus
922 2368 995 2422 libro
1023 2368 1058 2422 de
1082 2368 1148 2422 sim-
1163 2372 1187 2412 25

130 2436 207 2560 {stolis
218 2437 359 2562 ιὲἓέἱοίηει
377 2440 496 2492 vocatur
514 2437 608 2505 inquit
627 2441 745 2510 stagnus
763 2439 795 2494 in
813 2441 970 2508 quercubus
986 2441 1015 2493 et
1032 2439 1149 2509 populis

203 2704 217 2751 1
237 2698 372 2754 femorem
386 2699 587 2756 substrictione
603 2702 637 2757 G.
684 2708 699 2755 2
715 2702 908 2758 dissintericos
925 2703 951 2758 G
966 2707 1010 2771 (ct
1022 2709 1147 2773 semper).

130 2776 148 2824 4
166 2770 208 2824 De
226 2769 322 2824 bulbo.
341 2768 448 2824 Bulbos
467 2770 500 2826 G.
573 2771 681 2842 frigidu
702 2774 735 2828 G.
809 2783 825 2829 6
844 2774 897 2828 hoc
917 2773 979 2828 solu
994 2817 1000 2830 .
1016 2815 1022 2827 .
1038 2817 1044 2828 .
1059 2775 1147 2843 prode

131 2844 175 2895 cst
187 2841 221 2895 G.
259 2839 370 2894 deforas
384 2842 447 2909 (sic)
460 2840 494 2897 G.
532 2843 605 2898 8De
618 2843 729 2898 blitum.
745 2843 838 2898 Blitus
850 2845 883 2900 G.
921 2846 1035 2899 umecta
1048 2848 1099 2901 est.
1113 2846 1146 2901 G.

20 2932 24 2939 ¹
132 2911 272 2966 9obtime
294 2910 327 2965 G.
383 2914 523 2966 comestus
544 2913 577 2968 G.
634 2920 667 2969 10
685 2913 727 2967 De
745 2913 836 2968 brion.
855 2914 943 2968 Brion
962 2916 995 2971 G.
1069 2916 1147 2986 apel-

130 2981 193 3036 lant
211 2982 361 3051 splagnum
380 2985 427 3049 (ct.
447 2982 524 3039 Plio.
538 2987 584 3051 12,
604 2989 667 3039 108.
684 2987 730 3050 24,
745 2987 796 3052 27)
819 2984 851 3039 G.
950 2985 981 3038 in
994 2987 1077 3041 robes
1097 2989 1148 3041 aut

130 3051 161 3104 in
178 3052 280 3121 puplos
301 3055 376 3120 (ante
394 3069 463 3108 corr.
482 3053 594 3123 plupes)
610 3053 690 3108 albos
711 3053 744 3107 G.
819 3059 851 3107 11
870 3056 1012 3109 vertutem
1030 3058 1099 3112 abet
1112 3058 1146 3112 G.

131 3127 164 3174 12
184 3128 238 3190 que
260 3122 293 3177 G.
367 3128 399 3176 13
418 3122 460 3178 De
478 3123 639 3179 Bidellium.
659 3121 798 3178 Bidellius
818 3123 852 3178 G.
924 3125 1091 3181 malaticam
1112 3130 1145 3182 G.

131 3197 166 3245 14
184 3194 214 3246 et
233 3191 422 3262 digestionem
440 3197 470 3249 et
487 3194 675 3249 ventositates
696 3193 728 3248 G.
820 3199 853 3248 16
871 3191 914 3246 De
931 3194 1069 3250 Butirum.
1090 3198 1147 3252 Bu-

128 3261 215 3316 tirum
235 3263 268 3318 G.
342 3281 452 3320 umores
473 3267 535 3335 (sic)
557 3265 590 3320 G.
665 3269 697 3319 17
716 3262 793 3317 horis
811 3263 844 3318 G.
901 3269 934 3316 19
954 3262 1094 3320 Calamite
1111 3270 1144 3323 G.

129 3337 162 3386 21
183 3333 220 3387 ad
238 3333 374 3405 frigorem
390 3336 483 3407 tipum
499 3337 526 3392 G
538 3337 618 3407 (πρὸς
635 3336 671 3390 τὰ
689 3333 762 3390 κατὰ
778 3331 914 3404 περίοδον
933 3329 996 3402 §lya
1013 3334 1088 3402 Gal,
1108 3340 1146 3392 ad

127 3404 287 3472 periodicas
306 3405 399 3463 febres
421 3408 513 3478 oreb).
568 3407 666 3460 erbam
686 3406 718 3461 G.
770 3411 809 3458 ’22
823 3403 952 3459 uncxerit
967 3402 1000 3456 G.
1052 3411 1087 3458 23
1103 3408 1146 3463 Dc

127 3477 267 3618 cafnabo.
287 3477 437 3533 Gannabus
458 3479 491 3534 G.
565 3475 638 3530 sicce
656 3475 680 3530 dr
697 3476 772 3530 vent.
789 3475 823 3529 G.
897 3481 931 3528 24
946 3474 1087 3528 comestus
1110 3480 1146 3533 G.

127 3560 162 3599 ex
176 3547 279 3618 c]iccat
290 3549 323 3604 G.
