2392 3922
465 126 784 217 summanum]
867 239 878 256 ο
1040 161 1105 226 315

261 320 311 377 Ad
323 320 369 389 II,¹
381 326 416 376 14
431 326 479 390 (45
497 324 533 378 ib.
549 329 613 392 poet
631 321 764 377 convenit
782 320 927 390 adhibere)

160 401 278 457 talibus.
306 399 392 456 botae
410 400 514 455 radicis
534 419 631 456 sucum
654 419 718 456 eum
740 400 824 456 melle
843 400 958 469 aequali
976 416 1107 454 mensura

87 481 153 550 quis
171 481 291 536 naribus
311 481 406 550 ducat,
425 483 511 550 caput
530 479 636 551 optime
651 481 753 551 deplet.
783 480 823 534 sie
842 480 922 535 etde
942 478 1106 548 cyclaminis

87 560 194 615 radicis
223 577 299 630 suco,
328 578 393 615 eum
419 560 503 615 melle
535 560 619 615 simul
650 559 795 630 potentius
822 562 874 613 est.
907 559 947 613 sic
979 557 1106 629 pyrethri

87 640 226 712 pusillum
238 639 423 695 masticatum
436 640 538 710 eapitis
553 643 582 695 et
597 640 741 694 oculorum
753 639 922 709 gravedines
936 641 966 693 et
980 637 1107 693 dentium
1133 653 1146 694 5

90 721 203 776 dolores
222 737 319 776 ornnes
338 719 465 791 mitigat,
490 721 557 774 dum
574 738 625 790 per
644 737 674 774 os
698 723 828 790 apertum
850 737 931 775 umor
954 718 1057 788 eapitis
1075 718 1106 772 in

88 803 196 856 terram
215 799 372 856 defluxerit.
398 799 481 870 ysopi
503 799 550 855 vel
575 799 686 870 origani
705 817 800 870 cymas
818 799 849 853 in
867 799 942 854 aceti
961 797 1105 868 quartario

89 883 119 935 et
136 879 248 935 mulsae
266 879 305 934 ad
323 879 424 935 tertias
443 881 590 949 decoques,
610 883 639 934 et
657 882 791 950 tempera.
819 882 917 934 eontra
936 879 1025 933 solem
1042 895 1106 948 gar-

87 959 206 1030 garizet.
236 958 295 1014 alia
310 958 357 1013 die
375 960 446 1015 haee
460 977 528 1014 cura
546 963 687 1028 sequatur.
715 960 847 1015 infundes
864 959 958 1029 sinapi
976 958 1006 1011 in
1025 960 1105 1012 aceto

88 1039 161 1108 aori,
189 1041 256 1110 post
278 1040 354 1093 teres
382 1027 411 1093 et
429 1056 528 1094 sumen
554 1056 605 1109 per
631 1039 781 1094 linteolum
807 1039 958 1109 exprimes,
987 1040 1015 1099 et
1043 1055 1106 1091 oum
1120 1053 1146 1090 ro

89 1119 184 1174 mulsa
206 1117 306 1188 tepida
328 1117 492 1188 resupinato
521 1119 615 1188 capite
642 1119 814 1189 gargarizet,
841 1121 875 1189 etl
892 1134 973 1172 umor
995 1118 1105 1170 crassus

88 1199 119 1252 in
142 1197 238 1268 capite
266 1197 316 1266 qui
343 1197 430 1252 fuerit
457 1198 608 1268 digeretur.
638 1199 763 1269 Itysopi
791 1198 901 1268 origani
929 1195 1106 1266 stafisagriae

87 1278 251 1349 glycyrizae
264 1275 337 1347 polii
351 1293 406 1331 ana
419 1278 493 1336 ÷50¹
517 1276 649 1333 infundes
663 1277 694 1331 in
709 1296 783 1347 aqua
799 1295 833 1333 ex
852 1281 933 1332 aceto
947 1278 1106 1345 temperata

88 1360 229 1426 quantum
247 1356 347 1412 offerre
364 1357 456 1426 possit
472 1359 501 1412 28
514 1358 554 1411 ΠΙ
573 1357 619 1412 die
638 1375 671 1412 ac
690 1361 781 1414 nocte.
807 1357 866 1412 alia
885 1357 931 1412 die
951 1356 981 1410 in
1000 1356 1105 1412 cacabo

88 1453 291 1505 novocoques
313 1437 353 1491 ad
370 1436 483 1507 tertias,
507 1437 584 1492 lento
608 1437 671 1491 foco
695 1455 730 1493 ne
754 1438 915 1507 comburas,
940 1439 1042 1506 postea
1060 1452 1105 1490 oo·
1120 1448 1146 1489 15

89 1517 164 1572 labis
183 1516 345 1586 diligenter,
364 1518 394 1570 et
412 1516 539 1571 remittes
558 1511 669 1587 inipso
688 1518 801 1572 cacabo.
832 1517 921 1572 addes
940 1533 1026 1587 sapae
1051 1516 1107 1571 351

88 1601 119 1652 et
136 1612 272 1666 recoques
291 1596 437 1664 usquead
455 1596 669 1669 spissitudinem
687 1613 773 1667 sapae
791 1596 869 1652 lento
884 1596 953 1667 igni,
973 1589 1003 1651 et
1017 1595 1105 1651 uteris

90 1676 190 1747 tepido
213 1678 246 1731 ut
269 1692 362 1745 supra.
391 1675 467 1731 item.
493 1676 575 1746 ysopi
594 1689 630 1736 ÷
643 1677 669 1745 I,
697 1676 770 1732 ireos
788 1689 836 1746 ÷,
861 1676 968 1731 caricas
986 1675 1106 1745 pingues

92 1757 160 1818 2-1:
188 1757 258 1810 dnm
275 1755 399 1811 volueris
416 1755 517 1810 fortius
536 1773 666 1826 purgare,
686 1756 779 1827 sinapi
797 1759 871 1812 teres
889 1759 918 1812 et
937 1754 1107 1811 admiscebis

89 1837 120 1891 in
138 1834 388 1892 calicis‘mensura
406 1835 546 1890 coclearia
563 1836 597 1891 Π.
623 1853 690 1890 nam
709 1836 804 1891 omnia
821 1836 852 1890 in
871 1852 957 1906 sapae
975 1833 1106 1888 infundes
1121 1848 1147 1900 eo

95 1919 142 1971 528
160 1917 214 1985 ΙΠ,
238 1914 314 1971 aceti
331 1914 446 1970 hemina
464 1915 489 1984 I,
501 1914 606 1970 ‘mellis
624 1916 719 1986 pondo
737 1918 785 1972 111.
812 1915 908 1971 triduo
927 1913 1059 1968 infundes
1078 1915 1107 1966 et

91 1997 240 2066 decoques‚
260 1994 399 2065 exprimes
418 1993 578 2064 diligenter,
597 1997 628 2050 et
645 1996 806 2066 gargarizet
825 1995 931 2050 autad
950 1994 1038 2048 solem
1057 1994 1107 2046 aut

89 2075 120 2129 in
139 2075 272 2131 cubiculo
291 2073 398 2142 calido,
420 2073 512 2144 prima
532 2074 577 2130 die
592 2075 669 2145 VIII,
695 2076 817 2130 secunda
832 2076 883 2143 VI,
906 2073 993 2129 tertia
1001 2073 1041 2127 HI
1060 2073 1107 2126 We

91 2159 121 2209 et
148 2171 241 2224 aquae
264 2156 300 2208 35
317 2154 356 2207 ΠΙ
379 2170 429 2222 per
456 2153 590 2210 triduum.
618 2159 718 2225 postea
746 2172 849 2224 coques
873 2154 910 2208 ad
937 2153 1053 2221 tertias,
1077 2154 1106 2206 et

88 2237 230 2304 quantum
253 2234 329 2289 aceti
351 2233 525 2288 remanserit·
539 2234 627 2288 addes
645 2235 703 2289 mel
725 2238 754 2289 et
777 2250 875 2303 sapam
899 2231 1012 2300 aequali
1030 2248 1107 2285 men·
1121 2243 1146 2283 25

89 2331 165 2383 sura,
184 2317 214 2369 et
232 2330 376 2383 recoques,
402 2312 479 2368 lento
498 2313 559 2382 igni
577 2331 613 2369 ne
632 2314 793 2381 comburas,
819 2315 849 2367 et
871 2311 909 2366 ad
932 2311 1020 2365 solem
1042 2328 1106 2380 gar-

89 2394 243 2464 gar-iratis.
257 2393 312 2448 hoe
322 2394 418 2447 autem
431 2392 524 2446 visum
537 2393 626 2447 oculis
641 2392 833 2462 caligantibus
846 2391 980 2460 restituit,
992 2390 1107 2444 auribus

91 2472 225 2527 auditum
242 2471 438 2527 acutissimum
458 2472 589 2540 praebet,
613 2472 709 2528 fauces
728 2475 821 2541 curat,
847 2470 936 2542 capiti
955 2470 1108 2525 sanitatem

89 2554 211 2623 praebet
232 2555 263 2608 et
285 2569 383 2607 reuma
405 2552 522 2628 mordet.
552 2553 717 2620 cyclaminis
740 2551 845 2606 radicis
874 2551 935 2606 suci
957 2553 1052 2621 partes
1068 2551 1107 2621 211,

91 2633 185 2688 mellis
208 2634 321 2702 partem
339 2632 360 2686 I.
388 2631 516 2702 tepidum
537 2632 654 2687 naribus
677 2633 789 2702 inicito,
818 2632 860 2687 ita
882 2635 915 2687 ut
938 2648 969 2686 os
993 2631 1109 2700 plenum
1122 2644 1148 2682 ao

89 2713 187 2767 calide
205 2729 282 2781 aqua
300 2714 398 2766 teneat
416 2714 563 2781 et.postea
581 2716 681 2768 verset.
711 2713 806 2767 omnia
819 2712 892 2768 vitia
906 2711 1008 2782 eapitis
1024 2727 1108 2779 supra

90 2793 199 2863 scripta
227 2795 258 2846 et
283 2791 391 2846 ventris
415 2791 525 2846 dolores
554 2794 583 2846 et
611 2792 805 2863 epilempticus
838 2795 926 2847 curat.
952 2790 1022 2845 item
1050 2789 1108 2842 alia

89 2872 217 2927 maxima
234 2870 376 2942 purgatio.
401 2871 578 2940 stafisagriae
596 2884 632 2932 ÷
646 2874 674 2942 1,
692 2871 821 2942 pyrethri
838 2883 874 2933 ÷
892 2871 918 2939 I,
937 2869 1019 2938 ysopi
1037 2868 1107 2934 -2-1,

161 3003 278 3050 asucus
293 2999 317 3052 b.
363 3001 499 3064 ioymas:
520 3011 614 3050 eomas
630 3000 653 3051 b.
709 2994 866 3050 9infundis
881 2997 904 3049 b.
952 2997 985 3045 10
999 2990 1068 3045 teris
1083 2993 1106 3044 b.

89 3084 156 3122 ³⁰10
171 3071 195 3124 b·
254 3072 288 3121 1³
306 3065 448 3138 liquiri019
464 3068 487 3121 b.
525 3067 633 3135 'polios
649 3071 672 3122 b.
727 3064 853 3120 infundis
869 3067 892 3120 b.
948 3077 1023 3129 aqua
1037 3062 1066 3114 et
1083 3063 1106 3114 b.

90 3144 123 3192 15
142 3155 249 3193 cacavo
269 3136 367 3205 coquis
381 3153 455 3191 novo
470 3141 493 3192 b.
544 3138 621 3193 colas
632 3182 637 3193 .
649 3182 654 3193 .
667 3181 672 3192 .
684 3138 813 3192 remittas
823 3138 847 3191 b.
904 3140 937 3187 17
957 3133 999 3212 ad·
1013 3148 1062 3184 om.
1083 3133 1106 3185 b.

91 3214 124 3263 18
142 3208 275 3280 tepidum
293 3211 317 3264 b.
377 3225 459 3277 yreos
478 3210 501 3263 b.
559 3215 592 3263 19
612 3209 711 3277 sinape
730 3211 754 3264 b.
808 3205 877 3260 teris
897 3207 926 3258 et
945 3217 1063 3257 amrsces
1083 3203 1106 3255 b.

89 3320 123 3368 20
142 3332 214 3386 sapa
232 3313 361 3369 infundis
380 3316 403 3369 b.
468 3320 500 3367 21
521 3291 578 3384 pb.
633 3312 760 3366 infundis
779 3315 802 3367 b.
876 3316 911 3363 22
930 3306 1063 3377 exprimis
1083 3308 1106 3361 b.

89 3391 123 3440 23
141 3385 319 3442 tereiaVIll
339 3385 448 3440 essm.
468 3388 497 3439 et
516 3402 590 3454 aqua
610 3383 729 3438 semo.
781 3387 814 3436 25
834 3397 903 3450 sapa
918 3383 941 3436 b.
993 3383 1027 3432 27
1044 3395 1107 3447 gar-

88 3457 200 3526 garizes
220 3460 244 3514 b.
318 3454 452 3510 restituet
470 3458 493 3511 b.
566 3461 600 3509 29
620 3471 702 3508 sucus
716 3455 741 3508 b.
813 3458 846 3506 32
867 3451 938 3507 alia:
959 3450 1006 3504 dia
1023 3452 1026 3518 Ι
1045 3452 1106 3517 (sic)

89 3531 120 3583 in
136 3530 192 3597 fine
210 3544 305 3586 casus
324 3529 348 3582 b.
427 3526 593 3596 Stafisagria
612 3528 636 3581 b.
