2392 3924
315 170 546 228 noromsrorr
564 171 823 228 rnnrortbnou.
1035 171 1077 237 35

57 343 219 421 impositus
242 347 417 420 competens
440 338 619 400 beneficium
641 347 779 419 praestat.
826 357 895 400 nam
919 345 949 399 et
973 356 1077 399 caseus
1184 370 1186 375 >

58 446 166 490 recens
189 431 279 490 tritus
298 429 459 508 impositus
477 446 564 507 scope
583 426 667 488 illum
685 436 833 489 tumorem
853 430 1009 507 oppressit.
1047 434 1078 487 et

61 517 203 579 absinthii
226 516 337 578 berbue
360 516 458 597 pulvis
481 533 549 577 oum
572 519 718 577 cerotorio
737 517 794 577 boo
813 517 892 578 idem
915 516 994 577 fecit.
1032 518 1076 576 sic

60 625 95 667 ex
119 625 224 668 murro
241 608 347 686 pingui
369 606 468 666 locum
490 607 588 685 primo
612 605 771 667 foveamus.
812 609 855 666 sic
874 607 963 666 etiem
982 603 1076 683 cyclo-

42 697 174 757 ‘minum
207 714 276 756 cum
308 713 365 756 uva
397 712 483 774 pessa
517 695 708 754 commixtum
737 702 767 755 et
794 697 956 756 contritum
984 701 1075 754 curat.
1103 707 1117 746 ὁ

59 792 89 844 et
115 783 202 844 bulbi
230 783 349 844 candidi
377 802 445 844 oum
472 782 559 843 melle
587 785 710 843 contriti
740 783 878 844 similiter
906 789 1076 862 operantur.

60 875 103 933 sic
126 872 298 933 rafonorum
322 879 424 933 cortex
448 888 516 932 cum
539 890 596 932 uva
618 888 705 950 passe
728 872 874 953 medetur,
902 875 945 932 sic
969 890 1076 932 erucae

60 960 129 1021 tolia
152 979 223 1022 cum
245 960 313 1022 felle
337 963 469 1040 porcino.
516 963 559 1020 sio
582 961 632 1020 tici
654 962 780 1038 pingues
804 962 835 1020 in
858 961 956 1020 muria
975 966 1075 1020 coctae

61 1052 180 1129 saepius
203 1050 390 1129 protuerunt.

150 1173 186 1234 od
213 1175 387 1252 repentinos
415 1179 513 1233 autem
542 1174 718 1252 sanguineas
749 1171 880 1233 maculas
908 1172 1002 1233 oculis
1030 1174 1075 1231 in-
1086 1164 1130 1229 34

60 1262 218 1323 haerentes
236 1261 327 1322 flores
345 1260 392 1322 vel
410 1279 513 1321 semen
531 1263 616 1341 ysopi
633 1261 743 1322 herbae
762 1264 794 1322 in
812 1260 935 1341 limpido
954 1260 1076 1321 linteolo
1091 1273 1116 1310 11

60 1349 214 1430 colligabis
242 1357 273 1411 et
304 1351 336 1410 in
365 1368 439 1429 aqua
466 1348 561 1410 calida
593 1351 733 1411 infundes
761 1358 791 1412 et
824 1350 961 1429 agitando
990 1368 1076 1410 exsu-

59 1439 151 1500 cobis.
197 1441 250 1518 qui
273 1457 364 1500 sucus
386 1437 478 1499 veluti
501 1441 681 1518 sanguineus
701 1440 742 1520 fit,
761 1458 797 1500 ex
816 1458 875 1518 quo
893 1439 1076 1500 infundendo

58 1527 125 1588 ibas
145 1529 325 1607 sanguineas
342 1525 474 1588 macules
493 1526 700 1606 depurgemus.
737 1536 840 1607 postea
859 1536 925 1589 ture
944 1526 1076 1589 masculo

59 1623 89 1677 et
117 1614 211 1764 pititis
231 1618 348 1765 tnequis
379 1615 563 1695 ponderibus
596 1615 775 1676 carbonibus
807 1618 956 1696 impositis
988 1617 1116 1682 fumi-15

59 1724 115 1783 gan
139 1722 150 1763 1
173 1722 252 1764 sun.

151 1832 270 1889 sivero
295 1828 394 1888 caedis
420 1846 583 1906 percussus
611 1827 686 1888 hano
710 1829 855 1890 maculem
884 1831 1076 1906 sanguineam

59 1937 128 1978 cum
153 1917 256 1978 dolore
279 1918 497 1997 procuraverit,
524 1916 571 1976 his
594 1916 725 1978 columbi
751 1919 840 1977 matri
868 1917 1007 1977 subducti
1029 1935 1075 1976 re-

58 2008 202 2085 pentinus
226 2006 348 2084 sanguis
370 2005 501 2085 prodest,
525 2024 613 2083 quam
635 2007 763 2066 maxime
783 2008 809 2064 si
828 2005 864 2064 de
883 2007 984 2082 pinnis
1002 2004 1075 2063 mol-

131 2270 146 2317 1
166 2263 318 2333 impositus
338 2263 410 2320 Get:
429 2263 597 2334 immpooito
616 2265 673 2331 Bb,
693 2264 759 2316 -tsr
777 2280 801 2317 r.
874 2267 890 2315 2
910 2263 939 2315 et
956 2260 1014 2331 inp.
1031 2263 1075 2316 rb.

58 2333 202 2405 oppressit
219 2335 347 2390 rucei:
366 2337 398 2403 (s.
417 2336 541 2388 tumores
561 2334 715 2402 oculorum)
735 2331 865 2386 dissolvit
883 2334 906 2389 b.
1000 2338 1016 2387 3
1035 2332 1076 2387 sic

60 2404 134 2461 Get:
154 2404 179 2458 si
198 2406 254 2460 Br.
317 2406 383 2460 tet
396 2407 446 2530 Ἐκ
463 2407 488 2475 r)
506 2421 585 2459 more
602 2403 703 2474 pingui
720 2405 808 2472 roei,
828 2420 862 2458 ex
880 2419 958 2458 moro
996 2403 1076 2474 ingui

59 2477 95 2544 B,
113 2478 144 2530 et
162 2491 240 2530 more
258 2475 322 2530 rubi
339 2475 395 2530 viri
418 2475 440 2530 's
459 2482 527 2530 tuost
547 2477 562 2531 b
579 2477 695 2549 (βατίνω
713 2493 753 2557 pr.
769 2477 893 2545 113511)
975 2421 1076 2530 {ocum

59 2547 121 2602 no:
142 2562 212 2601 -oo
232 2545 290 2602 oei.
362 2546 450 2601 eciam
468 2548 498 2600 ec
511 2547 534 2601 o.
608 2530 724 2600 611111
742 2545 869 2602 emmor:
888 2548 928 2601 so
941 2546 1074 2602 Boreo.

59 2615 176 2672 contriti
194 2617 235 2673 B:
254 2619 351 2672 -tnm
372 2618 430 2673 cet.
449 2619 508 2686 (om.
529 2618 563 2686 b).
636 2619 788 2686 operentur
804 2617 864 2672 rB:
885 2618 998 2670 —retur
1018 2617 1075 2672 cet.

59 2690 122 2756 (om.
142 2690 177 2758 b).
265 2687 462 2742 Troianorum
479 2689 527 2743 rB
540 2689 611 2743 Get:
629 2686 722 2743 rofoni
740 2690 763 2742 b.
837 2704 915 2742 cume
934 2689 979 2758 (ε
997 2686 1016 2754 ἤ
1034 2706 1075 2757 pr.

58 2777 82 2813 o>
98 2765 155 2814 351
173 2760 245 2814 mole
262 2760 307 2814 bic
325 2757 448 2813 contritis
467 2760 547 2814 addit
561 2761 595 2828 b).
677 2774 759 2832 eruce
773 2760 809 2813 rb
822 2760 893 2814 Get:
911 2774 1024 2812 coronae
1039 2758 1074 2814 B.

58 2835 74 2882 8
93 2827 213 2900 porcino
229 2830 349 2884 rbGel.=
367 2827 481 2883 taurino
499 2827 545 2884 vel
562 2829 677 2900 porcino
695 2831 732 2884 B.
804 2828 862 2884 fici:
881 2831 921 2884 oio
939 2828 1074 2883 BrbGet.

57 2899 153 2954 muria
172 2899 232 2956 cer.
251 2901 297 2968 (of.
316 2917 403 2970 supra
419 2901 446 2966 Ι,
465 2903 526 2971 24):
545 2916 622 2955 more
639 2901 675 2968 B,
687 2899 786 2953 mulso
805 2901 848 2954 br.
979 2900 1075 2951 coctae

59 2972 129 3037 cet,
148 2968 270 3039 oootiB,
289 2970 362 3025 -tis
380 2988 408 3026 r:
428 2970 538 3026 decocti
556 2973 580 3026 b.
662 2977 678 3025 9
698 2970 811 3040 saepius
829 2970 892 3024 rB:
912 2983 995 3038 saepe
1016 2968 1074 3023 Get.

57 3041 227 3111 profuerunt
244 3043 305 3098 rB:
324 3057 388 3096 —re
409 3041 466 3097 aaz.
560 3046 591 3095 11
611 3041 693 3095 flores
712 3041 824 3097 noem
843 3040 894 3093 flos
914 3039 957 3093 br.
1029 3037 1075 3091 vel

59 3129 158 3169 semen
175 3113 225 3166 Bb
237 3113 310 3168 θεὶς
329 3129 379 3167 mn.
398 3130 420 3168 r.
511 3111 629 3183 limpido
648 3113 676 3166 B
688 3114 759 3167 Get:
778 3129 828 3166 om.
847 3128 871 3178 r,
890 3109 995 3162 mundo
1015 3108 1038 3162 b.

57 3190 91 3238 12
110 3184 142 3238 in
161 3184 213 3239 rB
224 3184 297 3240 Get:
316 3200 366 3238 om.
385 3185 401 3238 b
421 3186 507 3253 (equi
524 3191 570 3239 eto.
589 3187 623 3251 r).
679 3181 826 3236 exercebis
846 3178 988 3248 (exucobis
1006 3178 1075 3248 cer.)

57 3257 85 3310 Β
96 3255 171 3311 oer.=
191 3252 348 3310 oxnoeabis
367 3256 409 3310 br.
502 3260 535 3308 lb
554 3252 640 3308 elfitis
659 3252 771 3321 (-fetis
789 3254 814 3322 r)
832 3252 926 3306 αὖθις
946 3248 1024 3320 olfitp
1039 3252 1074 3313 Β,

57 3327 139 3380 eifitu
158 3328 182 3382 b.
257 3324 398 3395 impositis
416 3327 545 3381 rBGet:
565 3324 630 3378 -tir
651 3326 674 3378 b.
761 3328 795 3376 17
814 3319 908 3375 coedis
927 3336 1074 3390 percussus

59 3399 128 3467 Get,
147 3396 226 3452 cedis
244 3395 389 3466 percussio
407 3398 435 3452 b:
460 3396 537 3450 cedis
557 3397 607 3449 eut
623 3394 763 3463 percussis
781 3410 809 3461 r,
833 3391 922 3446 cessis
946 3394 996 3446 aut
1012 3408 1075 3462 per-

57 3467 147 3523 cussis
166 3467 202 3524 Β.
358 3472 391 3522 18
409 3465 602 3538 procuraverit
621 3466 667 3520 br:
688 3463 793 3517 -reris
815 3464 847 3532 B,
866 3464 998 3533 procuret
1017 3464 1074 3518 Get.

59 3545 92 3593 19
111 3539 208 3609 pinnis
229 3539 303 3594 Gelo
321 3538 420 3608 pennis
439 3540 514 3593 Bor.

885 3625 919 3664 ἢ*
