2392 3922
395 125 735 270 ‚muraenarum
903 125 905 128 Α
1041 181 1106 247 309

88 338 184 408 adipis
202 338 314 408 poroini
332 339 406 409 ÷,I.
431 341 538 394 stercus
562 339 709 409 caprinum
727 339 757 393 in
781 339 854 395 silva
876 340 1023 396 inventum
1042 358 1107 396 oon-

87 423 163 474 teres
182 435 248 473 oum
265 418 329 474 oleo
349 421 379 473 et
396 419 505 475 celabis
523 420 622 489 linteo,
641 424 670 475 et
687 419 770 489 potui
788 419 913 475 calidum
932 421 1022 476 dabis.
1050 423 1108 477 do·

87 498 181 553 lores
209 498 335 554 lateris
364 503 463 571 sanat,
475 499 652 555 diatessaron
679 500 755 568 quod
782 499 823 554 sic
850 501 1004 558 conficitur.
1023 496 1107 558 'lauri

87 579 185 648 bacas,
205 596 326 648 murrae,
345 579 553 650 aristolochiae,
573 579 726 650 gentianae
740 597 797 633 ana
813 593 849 640 -:-
863 581 884 650 I,
903 581 1108 653 mellis-<quod

89 658 223 731 sufficit).
252 658 346 714 dabis
373 658 475 714 exinde
503 669 579 714 cum'
593 659 688 714 calida
713 659 808 730 potui,
840 661 944 716 mirum
971 666 1027 732 est,
1060 661 1106 722 vel
1134 678 1147 718 o

88 737 151 793 loco
174 754 228 808 pro
246 739 420 809 malagmate
443 738 578 809 imponat.
604 739 722 794 herbam
742 739 896 795 verbenam
917 740 1038 796 viridem
1056 741 1107 800 tri-

87 821 148 874 tam
174 835 241 872 cum
262 818 344 888 vino,
368 819 393 872 si
415 836 472 873 uon
494 819 593 889 febrit,
616 819 711 889 bibat,
736 819 844 874 bonum
866 823 917 876 est.
945 821 999 876 hoc
1023 824 1053 875 et
1071 822 1108 875 ad

88 897 215 968 pectoris
239 897 350 953 dolores
374 901 412 953 et¹
427 899 466 953 ad
488 898 636 953 convulsos
659 898 737 954 facit.
766 899 918 969 gentianae
935 913 972 960 ÷
989 901 1030 970 H,
1057 899 1108 954 iris

88 977 221 1046 illyricae
234 989 272 1037 -3-
285 977 335 1046 ΙΠ,
353 994 464 1033 murrae
477 989 514 1038 ÷
528 978 555 1044 S,
572 978 679 1048 piperis
692 992 729 1040 .-1-
743 979 769 1035 S.
790 978 943 1048 separatim
958 979 1028 1034 trita
1045 996 1108 1050 per-

87 1057 223 1112 miscebis
241 1057 334 1121 melle.
363 1058 440 1113 dosis
459 1059 496 1112 ad
510 1058 736 1129 magnitudinem
754 1058 912 1128 abellanae,
931 1076 995 1112 cum
1014 1058 1148 1116 calidam

89 1138 181 1193 bibat.
211 1137 297 1192 fabae
314 1137 432 1192 lomenti
449 1138 592 1193 heminam
605 1139 626 1208 I,
645 1138 720 1194 lauri
738 1139 874 1193 bacarum
886 1139 956 1207 ÷1,
975 1138 1108 1193 mastices

89 1232 125 1279 ÷
139 1219 167 1287 Ι,
195 1235 315 1273 ovorum
332 1217 433 1272 vitella
450 1218 510 1274 VH.
535 1221 661 1277 conteres
681 1217 836 1288 separatim
858 1221 887 1273 et
914 1217 1108 1273 commiseebis

88 1298 209 1353 terendo
227 1297 259 1351 iu
276 1314 372 1367 unum,
391 1297 480 1352 linteo
499 1297 615 1353 induces
634 1301 664 1353 et
681 1297 894 1353 lateridolenti
912 1292 1047 1370 impones,
1062 1314 1108 1352 ex-

90 1380 205 1447 pertum
223 1379 275 1431 ost.

163 1456 219 1512 Sic
234 1455 436 1525 sanguinem
449 1457 637 1512 erraticum
651 1455 796 1513 curabis.
811 1457 994 1528 personaoiae
1003 1459 1108 1513 herbae
1122 1474 1148 1515 15

90 1536 219 1590 radicem
237 1552 302 1590 cum
320 1535 445 1606 axungia
458 1536 548 1592 veteri
562 1540 636 1591 teres
651 1540 681 1592 et
693 1537 829 1608 impones.
854 1538 947 1608 picem
960 1539 1107 1609 virginem,

89 1618 120 1670 et
138 1615 257 1686 sulphur
270 1615 368 1671 vivum
381 1616 412 1669 in
425 1615 536 1685 liquata
552 1617 616 1687 pice
634 1617 815 1689 immiscetis,
834 1621 863 1673 et
885 1619 992 1674 nitrum
1008 1619 1109 1674 tritum

90 1712 324 1766 superasperges,
348 1699 377 1750 et
400 1695 500 1751 charta
522 1696 632 1767 virgine
655 1697 804 1752 inductum
825 1698 950 1754 calidum
972 1699 1106 1769 impones.

90 1776 181 1831 herba
198 1775 352 1845 perdicalis
370 1779 455 1830 tunsa
474 1779 504 1831 et
521 1776 656 1846 imposita
679 1778 846 1848 sanguinem
869 1778 1020 1833 erraticum
1037 1777 1107 1831 mire

92 1855 234 1926 dispergit
251 1858 281 1910 et
299 1859 387 1911 curat.
1121 1871 1147 1911 ac
1166 1884 1171 1899 ·

162 1962 211 2017 Ad
224 1963 268 2030 ΙΙ,
282 1967 299 2018 5
315 1965 375 2031 (21)
389 1963 436 2017 De
454 1962 763 2032 peripleumonicis
780 1967 855 2033 (post
872 1962 1043 2032 valeamus),

163 2042 237 2096 Nam
257 2045 286 2097 et
303 2041 459 2111 galbanum
478 2061 541 2096 cum
559 2042 643 2097 melle
662 2042 692 2095 in
706 2041 769 2096 foco
785 2041 940 2096 resolutum
953 2045 983 2095 et
998 2041 1106 2095 duobus

91 2121 240 2176 cocleariis
254 2122 335 2192 potui
355 2123 453 2176 datum
468 2123 573 2192 optime
587 2122 664 2177 facit.
694 2126 723 2177 et
736 2122 866 2191 pthisicis
880 2121 956 2176 idem
970 2122 1106 2176 medetur.

90 2201 210 2256 feniculi
242 2218 337 2256 semen
366 2201 467 2256 tritum
494 2206 524 2257 et
556 2220 619 2277 eum
647 2202 741 2257 calida
768 2202 892 2256 bibitum
917 2202 1023 2256 bonum
1055 2205 1106 2257 est.

89 2283 197 2337 herbae
221 2282 386 2351 hyoscyami
409 2300 507 2336 sucum
528 2283 657 2353 tepidum
683 2281 764 2352 potui
788 2280 883 2351 dabis,
912 2297 976 2334 cum
999 2298 1107 2335 summa
1121 2294 1147 2335 25

91 2361 282 2416 admiratione
301 2362 456 2417 sanabitur.
484 2363 619 2418 trociscos
639 2362 850 2431 diaspermaton
867 2357 948 2431 potui
968 2360 1057 2415 dabis.

129 2469 175 2522 Ad
188 2469 237 2536 Π,
251 2473 270 2522 6
285 2472 334 2536 (22
348 2474 373 2523 et
386 2471 435 2535 23)
450 2468 497 2523 De
517 2467 737 2538 synanchicis
756 2473 827 2538 spect
844 2468 997 2537 gubernari
1015 2485 1072 2521 nou
1157 2524 1160 2529 ,

163 2549 342 2616 poterunt-
356 2548 411 2603 oid.
431 2551 512 2604 etiam
531 2551 569 2604 ad
589 2551 689 2606 Theod.
703 2567 734 2619 p.
749 2552 814 2617 120,
826 2552 852 2604 2.
868 2552 911 2602 14.
932 2552 1048 2616 121,1).

165 2627 350 2697 Singultus
369 2629 398 2682 si
416 2629 557 2683 innatus
575 2628 695 2699 fuerit,
714 2646 814 2684 manus
829 2628 889 2683 eius
904 2629 1003 2684 ambas
1017 2628 1048 2681 in
1062 2646 1108 2683 ca-

89 2705 152 2759 lida
175 2706 284 2761 diutius
308 2709 337 2762 et
360 2707 648 2781 frequentius-teneri
669 2709 768 2763 facias.
795 2708 877 2778 piper
898 2710 927 2762 et
950 2711 1108 2762 castoreum
1121 2724 1147 2763 eo

163 2892 536 2981 ladipesporcinos-1-1.
591 2894 716 2949 conteris
732 2896 755 2949 b.
811 2893 919 2947 280188
935 2895 958 2948 b.
1013 2889 1064 2944 cal'
1082 2893 1105 2946 b.
1148 2950 1151 2956 .

89 2967 183 3015 4ana
200 2962 319 3020 '÷Mell
347 2966 370 3020 b.
463 2965 640 3035 ssmalagma
658 2968 681 3020 b.
773 2964 938 3018 verbenam:
957 2965 991 3028 cf.
1013 2963 1105 3016 Marc.

85 3050 117 3102 p.
132 3036 197 3099 241,
215 3037 260 3088 18.
343 3039 360 3087 8
378 3035 532 3105 gentianae
550 3043 597 3092 eto.
616 3037 754 3106 boc—idem
768 3035 881 3103 plenius
897 3035 1012 3088 babetur
1030 3033 1107 3100 apud

89 3102 259 3165 Marcellam
277 3122 298 3160 c.
313 3109 386 3175 2410
407 3111 476 3175 244,
495 3112 611 3162 10—16.
732 3104 803 3158 hiris
822 3103 1015 3162 u1÷111.e.

90 3199 106 3246 9
131 3192 201 3246 trita
224 3189 352 3264 pmisce'.
371 3193 456 3250 Mell’.
480 3183 564 3249 Dasis
584 3195 621 3248 ad
637 3235 642 3247 .
701 3196 717 3248 b
735 3194 786 3262 (aab
804 3192 880 3247 dosis
899 3192 934 3259 ef.
945 3197 972 3259 1,
985 3196 1022 3245 97
1039 3193 1105 3260 etc).

90 3268 124 3316 11
144 3262 273 3318 lumentfi
292 3267 315 3319 b.
432 3266 487 3320 bac
506 3268 529 3320 b.
655 3263 773 3318 mastica
792 3265 814 3319 b.
916 3268 950 3315 12
969 3264 1025 3326 ptis
1046 3307 1051 3316 .
1073 3304 1106 3317 ..
1171 3316 1174 3321 ,

89 3334 227 3389 comisces
246 3336 270 3391 b.
380 3341 413 3397 13
431 3336 516 3392 induc
536 3338 576 3390 b..
652 3339 685 3388 15
704 3333 899 3389 Sic-curabis
917 3335 991 3388 rubr.
1011 3350 1061 3388 aer.
1082 3334 1106 3387 b.

90 3410 126 3460 17
144 3405 321 3473 inreliquata
339 3409 362 3462 b.
396 3420 401 3424 ’
452 3406 565 3460 imisoes
584 3408 607 3462 b.
663 3410 697 3458 18
716 3406 761 3459 cal
780 3407 805 3460 b.
868 3410 902 3458 22
923 3404 978 3458 duo
997 3402 1064 3458 cocl'
1081 3405 1106 3458 b.

89 3482 126 3529 24
144 3476 195 3530 bib
214 3479 239 3531 b.
332 3482 366 3531 26
384 3475 573 3545 H’iusquiami
593 3479 616 3532 b.
694 3481 728 3531 26
747 3475 855 3534 81111τοῖ
874 3479 898 3532 b.
991 3482 1024 3531 29
1043 3477 1108 3531 boec

88 3549 165 3603 rubr.
185 3549 225 3603 sic
243 3549 267 3603 b.
