2392 3922
464 193 733 246 unumunurm.
1038 194 1103 259 293

86 351 149 402 tata
167 347 300 403 celeriter
324 353 413 404 sanat.
442 349 589 420 caprinum
610 349 707 404 fimum
730 368 794 405 cum
817 355 897 406 aceto
920 352 1105 408 fervefactum

87 427 226 498 imponito
249 429 386 498 butyrum
408 447 472 484 cum
494 430 620 484 medulla
643 429 757 485 cervina
774 433 834 486 tere
857 434 887 486 et
909 431 1030 502 impone.
1063 432 1104 486 la-

87 508 169 578 pathi
188 508 310 578 agrestis
329 509 425 564 radice
439 509 509 564 trita
526 513 556 564 ct
575 509 688 564 adiecta
702 527 777 578 aqua
796 513 825 565 et
843 514 924 566 aceto
943 510 1027 565 simul
1045 528 1104 566 ma-

89 590 185 642 cerata
208 604 305 642 omncs
329 589 452 658 corporis
477 589 645 659 asperitates
664 589 695 642 iu
716 589 819 645 balneo
844 591 945 646 sudore
965 592 1104 646 emicante

88 667 267 722 confricabis.
301 669 432 723 maxillas
461 669 522 739 apri
545 670 591 724 vel
619 669 896 726 scrofae'combures
924 673 954 725 et
981 671 1104 726 cinerem
1130 686 1143 728 5

88 747 148 801 eius
166 747 310 802 ulceribus
330 765 471 819 asperges,
491 752 520 803 et
534 749 632 804 statim
647 750 802 807 sanabitur.
830 751 870 806 fel
883 751 1027 805 taurinum
1040 770 1105 806 cum

89 827 150 882 oleo
179 827 297 897 cyprino
325 829 371 884 vol
398 846 478 884 roseo
506 829 620 884 illinies.
653 831 798 887 vettonica
820 831 851 884 in
874 830 938 887 cibo
961 832 1007 886 vel
1034 835 1104 900 potu

89 910 203 977 sumpta
220 907 298 962 intra
315 909 369 963 VH
388 909 448 963 dies
467 909 505 962 a'd
525 909 645 963 salutem
662 910 800 979 perducit.

322 1016 368 1071 Ile
387 1016 615 1072 articulorum
634 1018 753 1072 dolore
773 1016 862 1088 (XLI).

160 1096 259 1166 Sinapi
279 1095 379 1151 tritum
402 1112 466 1151 cum
489 1113 564 1166 aqua
587 1100 616 1151 et
633 1097 749 1167 polenta
772 1096 919 1167 imponito.
951 1096 1104 1151 verbenam
1117 1110 1143 1149 ιο

89 1195 151 1233 cum
170 1176 297 1248 axungia
319 1177 409 1232 veteri
431 1180 491 1232 tere
514 1177 627 1246 impone
650 1179 679 1231 et
701 1176 769 1247 liga.
802 1176 997 1245 quinquefolio
1019 1179 1104 1230 tunsa

89 1275 152 1312 cum
170 1258 297 1328 axungia
314 1257 404 1313 veteri
423 1256 483 1312 sine
502 1256 561 1312 sale
579 1256 714 1328 imposita
739 1258 777 1311 ad
796 1256 948 1311 sanitatem
965 1256 1102 1326 perducit.

89 1338 157 1392 beta
178 1337 250 1392 trita
273 1355 338 1392 cum
365 1354 431 1392 suco
455 1340 484 1392 et
506 1337 591 1392 melle
613 1337 748 1407 imposita
771 1335 954 1391 articulorum
979 1335 1104 1390 dolorem

90 1417 179 1472 sedat.
218 1415 410 1471 columbinum
433 1416 530 1471 fimum
554 1418 701 1471 decoctum
724 1416 754 1470 in
778 1419 858 1471 aceto
881 1419 1027 1485 tamquam
1044 1434 1104 1470 ma-

90 1497 185 1567 lagma
204 1497 355 1551 subactum
372 1497 493 1567 impone.
520 1496 667 1567 porcinum
685 1497 781 1550 fimum
803 1514 900 1552 reeens
918 1496 1056 1567 imponito
1076 1500 1105 1551 et
1118 1505 1143 1546 15

92 1576 136 1630 die
155 1575 244 1631 tertia
263 1576 349 1647 solve,
369 1577 486 1632 sanasti.

206 1684 253 1738 De
271 1683 422 1738 talorum
441 1684 559 1739 dolore
578 1686 709 1738 tumore
728 1686 757 1738 et
775 1684 856 1737 luxu
875 1684 978 1753 (XLH).

160 1761 266 1833 virgas
295 1763 330 1818 de
357 1764 428 1818 rubo
457 1762 602 1818 combures
622 1766 651 1818 et
674 1764 797 1818 cinerem
819 1763 913 1833 ipsum
935 1763 997 1817 oleo
1024 1779 1105 1816 roseo

93 1842 300 1911 commiscetis,
319 1845 349 1896 et
366 1842 462 1898 uteris.
491 1842 628 1912 plantago
652 1847 733 1898 aceto
755 1843 825 1898 trita
848 1846 877 1897 et
898 1842 1033 1912 imposita
1051 1845 1103 1895 tu·

93 1939 200 1978 mores
213 1922 301 1977 tollit.
320 1922 507 1991 hyoscyamus
522 1939 586 1976 oum
598 1939 649 1977 sua
662 1922 758 1977 radice
812 1924 842 1977 et
855 1937 939 1991 super
951 1922 1037 1990 pedes
1052 1920 1103 1973 im-
1118 1930 1143 1968 ao

92 2003 184 2071 posita
197 2001 269 2055 mire
280 2001 391 2055 dolores
406 2005 435 2055 et
448 2005 571 2056 tumores
581 2002 666 2057 tollit.
685 2002 770 2056 ibisci
780 2002 861 2056 radix
872 2017 936 2055 cum
946 2000 1013 2055 vino
1024 2002 1104 2053 cocta

94 2099 153 2135 cum
172 2080 299 2150 axungia
317 2081 406 2135 veteri
426 2084 455 2135 et
478 2098 543 2136 sevo
567 2082 682 2151 caprino
706 2081 862 2152 composita
886 2079 1015 2134 omnibus
1034 2078 1104 2132 locis

94 2161 253 2216 dolentibus
280 2177 330 2214 seu
348 2161 522 2216 tumentibus
541 2162 646 2216 bonum
665 2164 715 2216 est.
748 2161 845 2214 fimum
863 2159 1003 2227 liquidum
1020 2157 1104 2227 illini,

93 2244 119 2294 et
136 2240 269 2308 quotiens
284 2239 444 2309 siccabitur,
459 2241 562 2295 iterum
575 2241 688 2309 reillini‚
708 2240 813 2309 optime
829 2238 982 2294 sanabitur.
1007 2256 1105 2306 quam-

94 2320 133 2373 vis
151 2319 284 2389 turgidus
304 2319 343 2374 sit
360 2337 422 2389 pes,
445 2321 565 2376 linteum
584 2322 618 2375 de
643 2337 717 2388 aqua
740 2337 804 2374 cum
826 2319 889 2374 oleo
908 2319 1057 2373 subactum
1075 2320 1105 2372 et
1118 2327 1143 2368 25

94 2397 257 2467 impositum
283 2397 353 2453 mire
381 2401 504 2468 prodest.
538 2400 669 2470 caprinus
697 2400 778 2453 fimus
806 2402 887 2454 aceto
916 2399 1048 2453 decoctus
1076 2401 1106 2453 et

93 2477 182 2531 mellis
206 2477 350 2531 modicum
380 2479 450 2533 mire
484 2482 567 2534 sanat
593 2478 718 2534 vulnera.
756 2479 884 2549 linguam
909 2478 1047 2533 bubulam
1075 2478 1106 2532 in

92 2557 356 2691 plcetotipiecoquem
388 2559 490 2612 tundes
519 2563 548 2614 et
575 2559 717 2629 impones,
749 2563 888 2615 tumorem
919 2561 949 2613 et
981 2559 1106 2613 dolorem

120 2653 169 2691 scu
209 2680 215 2691 .

163 2776 537 2851 2Lapiil(proLapacii)b.'
563 2778 648 2833 3rad'
658 2782 681 2835 b.
718 2782 870 2835 macerati.
907 2778 1105 2832 4sudoreemi·

92 2853 174 2904 cante
194 2852 218 2905 b.
292 2848 467 2903 boomburis
488 2852 511 2904 b.
586 2849 781 2904 ouuleeribus
797 2852 890 2918 (sio)b
973 2848 1105 2902 7Betho·

90 2921 155 2974 nica
174 2921 219 2975 bio
238 2921 262 2974 b.
335 2919 487 2974 9XXXXI
505 2922 563 2975 iad.
583 2923 607 2976 b.
684 2927 717 2975 10
737 2921 840 2990 Sinape
860 2922 883 2976 b.
938 2920 1066 2973 Beruena
1080 2920 1104 2972 b.

91 3031 123 3080 13
144 3023 211 3079 dol’.
330 3031 364 3079 14
381 3003 432 3094 tiu}
451 3004 488 3095 aq
506 3026 649 3096 malagma
667 3030 707 3082 sic
726 3029 749 3082 b.
778 3028 812 3094 cf.
832 3025 923 3080 Marc.
939 3027 1106 3094 p.352,10

90 3096 129 3163 (in
147 3096 265 3150 modum
283 3095 482 3166 malagmatis).
558 3104 590 3151 15
609 3099 643 3165 cf.
664 3098 755 3152 Marc.
771 3114 800 3166 p.
816 3098 937 3162 352,12.
1011 3100 1043 3147 17
1062 3093 1104 3146 De

89 3170 109 3221 t.
129 3167 156 3221 d.
176 3169 253 3222 rubr.
268 3183 296 3233 c,
319 3169 351 3221 ia
373 3174 449 3223 tecta
469 3172 533 3234 (atr.
552 3173 616 3237 scr.)
637 3170 665 3236 b,
691 3169 738 3223 sed
755 3169 787 3221 ia
804 3168 862 3220 iad.
882 3167 898 3220 b
916 3163 1044 3217 XXXXII
1062 3163 1104 3218 De

89 3237 214 3292 talorum
233 3237 331 3292 dolore
348 3240 459 3292 tumore
477 3241 507 3293 et
524 3238 600 3292 luxu.
675 3242 708 3290 18
726 3234 865 3290 comburis
881 3237 903 3290 b.
978 3239 1011 3288 19
1031 3250 1105 3287 com-

89 3308 190 3362 misces
206 3309 230 3363 b.
282 3313 317 3362 20
334 3306 524 3376 iusquiamum
543 3311 566 3364 b.
620 3307 716 3362 radice
736 3310 765 3361 ct
783 3309 822 3362 sic
838 3309 862 3361 b.
914 3312 945 3359 21
966 3303 1061 3358 Evisci
1080 3307 1103 3359 b.

89 3421 122 3471 aa
141 3416 161 3470 b
180 3417 255 3474 ÷b.
331 3413 413 3468 affini
432 3415 456 3469 o.
511 3419 546 3467 14
564 3391 647 3467 reflui
666 3415 689 3469 a.
745 3418 779 3466 as
798 3409 865 3466 unu
882 3455 887 3466 .
904 3454 909 3466 .
926 3457 931 3467 .
948 3410 1106 3467 subacuta

88 3485 192 3556 tposit⁹
211 3488 235 3542 b.
328 3489 363 3539 26
382 3501 404 3540 c.
424 3484 485 3539 fim⁹
504 3486 548 3540 bic
567 3487 590 3539 b.
611 3486 645 3553 cf.
664 3485 744 3552 iufra
762 3486 794 3538 de
812 3485 904 3540 eodem
921 3501 989 3555 rep.
1004 3485 1107 3554 294,2

90 3565 136 3626 (ex
154 3560 213 3614 alio
230 3557 320 3626 sonte)
339 3555 436 3609 fimum
454 3559 477 3612 b.
551 3554 638 3610 uulnd
657 3558 680 3614 b.
754 3561 791 3614 ‘ib
806 3554 908 3629 ipanus
923 3556 956 3614 b.
