2392 3922
127 186 194 252 290
457 187 802 240 resono-rnaoooar

123 345 202 400 cebis
221 361 301 400 cerae
320 343 446 412 liquidae
465 344 569 398 libram
582 345 595 398 Ι
610 347 640 399 et
657 344 744 399 facies
763 347 891 400 cerotum
904 348 1042 402 tenerum.
1070 347 1140 403 item

122 424 227 480 radicis
246 423 331 492 iunci,
350 441 461 479 murrae
477 423 687 494 troglodytica,
703 424 829 494 storacis,
848 424 924 479 lauri
937 427 1076 482 bacarum
1088 445 1137 482 un·

122 505 181 559 cias
200 503 336 574 singulas,
356 504 451 558 omnia
469 503 634 559 tenuissime
652 503 722 559 trita
740 504 880 575 miscebis,
900 508 930 560 et
947 506 1046 563 uteris.

169 611 219 664 Ad
238 626 351 665 omnes
370 626 551 664 nervorum
569 608 720 664 duritias
739 610 990 679 perfrictiones
1009 630 1088 668 con*

92 702 105 742 c
332 689 527 767 tractiones
546 691 579 743 et
598 688 735 744 dolores
754 689 901 760 (XXXVI).

190 772 318 840 Asopum
341 769 417 838 quod
440 767 631 839 suprascripta
658 768 730 823 mira
749 768 896 825 celeritate
919 775 1017 841 sanat,
1048 776 1078 828 et
1100 774 1134 828 ad

118 849 278 919 plethoram
306 854 335 905 et
362 850 399 904 ad
428 849 543 905 celeres.
576 847 709 902 foliorum
732 848 807 904 lauri
836 852 866 905 et
892 851 1030 906 bacarum
1054 853 1135 922 lauri,

118 929 195 984 faeni
205 929 309 1000 graeci,
320 928 450 998 ramesei,
461 927 586 998 cupressi
599 928 743 997 bacarum,
756 932 875 999 murtae,
888 931 957 984 roris
967 932 1073 986 marini
1086 951 1134 987 un·

119 1010 178 1065 cias
198 1011 338 1081 singulas,
361 1010 432 1065 haec
456 1009 550 1064 omnia
568 1011 653 1063 tunsa
670 1007 701 1061 in
719 1008 778 1062 vini
797 1008 901 1064 veteris
924 1011 984 1065 §sl
1002 1011 1134 1067 infundes

78 1103 105 1141 ro
120 1090 220 1146 diebus
239 1092 292 1160 ΠΙ,
316 1092 417 1159 quarto
441 1087 572 1143 miscebis
596 1087 657 1142 olei¹
670 1087 710 1142 lib
724 1088 765 1142 III
787 1087 818 1141 in
841 1087 929 1142 ollam
950 1090 1003 1144 ubi
1027 1092 1133 1161 species

119 1170 326 1240 suprascriptae
350 1172 428 1238 sunt,
452 1172 481 1223 et
503 1167 562 1222 leni
588 1183 679 1237 pruna
704 1183 806 1235 coques
834 1185 924 1236 usque
952 1187 1009 1238 quo
1037 1171 1133 1226 vinum

118 1253 304 1305 consumetur.
337 1248 458 1316 colchis,
482 1247 545 1302 foco
568 1247 703 1317 impones.
732 1249 761 1302 et
784 1247 872 1302 addes
895 1265 978 1304 cerae
1001 1251 1132 1319 ponticae

117 1340 153 1387 ÷
167 1329 218 1398 VI,
244 1328 354 1382 resinae
377 1326 586 1382 terebinthinae
605 1338 642 1386 ÷
655 1326 707 1396 VI,
731 1329 761 1381 et
782 1327 878 1382 uteris.
912 1328 967 1383 hoo
986 1333 1131 1399 expertum

117 1410 146 1461 et
164 1407 248 1461 valde
271 1407 420 1460 mirificum
443 1409 493 1460 est.
530 1405 600 1460 item
626 1405 682 1460 olei
705 1405 809 1460 veteris
831 1405 872 1460 lib
886 1407 953 1477 1111,
977 1410 1133 1465 cucumeris

75 1497 102 1535 15
116 1485 237 1554 agrestis
256 1485 383 1539 radicum
401 1484 469 1538 libl
488 1500 591 1552 coques
610 1501 699 1552 usque
718 1485 756 1539 ad
770 1486 864 1541 oleum
882 1489 911 1541 et
925 1487 1033 1543 adicies
1053 1505 1132 1544 corae

116 1563 184 1618 libI
203 1567 232 1618 et
249 1581 301 1633 pro
325 1580 413 1634 acopo
437 1563 532 1618 uteris.
561 1579 627 1616 caro
645 1564 813 1632 palumbina
835 1565 899 1620 cibo
917 1568 1036 1636 prodest
1056 1569 1131 1624 data.

116 1660 191 1712 aqua
209 1643 240 1697 in
258 1661 315 1712 qua
334 1644 429 1698 caules
448 1642 558 1697 decocti
577 1646 643 1697 sunt
661 1643 724 1697 loca
743 1644 942 1702 fomententur.
972 1647 1027 1700 hoc
1047 1651 1077 1702 et
1096 1648 1131 1702 ad

115 1725 220 1793 pedum
238 1724 364 1778 dolorem
381 1722 459 1778 facit.
488 1725 595 1777 stercus
615 1722 762 1791 caprinum
780 1727 946 1779 montanum
964 1742 1029 1780 oum
1044 1744 1130 1781 axun-

115 1803 164 1873 gia
187 1803 287 1859 tritum
309 1803 398 1858 linteo
421 1803 569 1856 inductum
592 1805 621 1856 et
644 1800 814 1857 calefactum
837 1806 926 1859 sanat.
954 1807 1062 1860 stercus
1087 1823 1131 1860 ca-

74 1895 101 1933 so
114 1884 227 1953 prinum
247 1885 393 1940 decoctum
411 1899 475 1937 cum
493 1886 574 1937 aceto
593 1885 622 1936 et
639 1882 724 1936 melle
737 1882 838 1937 tritum
855 1883 1002 1953 imponito.
1033 1885 1089 1941 hoc
1103 1888 1132 1940 et

116 1965 250 2019 articulos
281 1965 408 2019 dolentes
436 1965 524 2017 curat.
554 1963 722 2017 abrotonum
749 1979 812 2016 cum
841 1963 903 2018 oleo
931 1964 1080 2022 decoctam
1103 1968 1131 2020 et

114 2043 214 2099 tritam
231 2044 379 2115 imponito.
407 2044 461 2099 hoc
480 2045 509 2097 et
522 2042 599 2097 mala
617 2042 824 2097 medicamenta
842 2042 974 2099 excludit.
1004 2048 1130 2114 gagaten

114 2123 240 2193 lapidem
258 2123 399 2179 ustulabis
417 2126 491 2178 teres
511 2126 540 2177 et
557 2123 588 2176 in
607 2123 700 2177 oleum
717 2121 829 2191 mittes,
853 2122 959 2177 adicies
983 2126 1014 2178 et
1036 2141 1131 2178 ceram

113 2202 156 2257 ita
174 2207 207 2258 ut
225 2205 276 2258 fiat
294 2206 428 2272 cerotum,
448 2206 478 2258 et
490 2202 586 2258 uteris.
619 2203 673 2256 hoc
687 2200 840 2256 cuiuslibet
852 2201 971 2256 membri
985 2206 1016 2256 et
1030 2219 1131 2258 renum

74 2290 100 2334 2⁵
116 2283 242 2337 dolorem
265 2287 354 2339 curat.
385 2282 596 2351 quinquefoliae
619 2280 724 2336 herbae
747 2297 844 2334 sucum
866 2280 946 2349 potui
970 2280 1046 2337 dato.
1077 2283 1130 2336 hoc

113 2364 143 2414 et
162 2361 283 2415 laterum
302 2365 331 2416 et
350 2378 482 2416 coxarum
502 2361 611 2415 dolores
631 2363 722 2415 sanat.

334 2466 380 2520 De
399 2467 589 2520 lumborum
609 2466 727 2522 dolore
742 2466 899 2537 (XXXVII).

183 2543 232 2597 Git
250 2549 388 2610 quantum
405 2546 497 2601 tribus
521 2545 621 2615 digitis
639 2546 741 2602 tollere
759 2547 866 2617 poteris
883 2545 983 2600 tritum
1001 2545 1032 2599 in
1049 2547 1129 2615 passi

113 2619 210 2673 cretici
230 2622 321 2689 cyatis
341 2624 450 2677 duobus
473 2640 536 2677 cum
559 2642 651 2694 aquae
674 2626 785 2681 calidae
809 2626 899 2696 oyatis
919 2624 1027 2680 duobus
1044 2627 1128 2695 potui

70 2711 97 2750 eo
114 2699 189 2769 dato,
208 2703 340 2770 potenter
364 2702 442 2757 facit.
470 2703 567 2758 lanam
590 2705 718 2761 sucidam
740 2707 771 2760 in
794 2706 856 2761 oleo
880 2711 909 2761 et
931 2705 993 2776 pice
1015 2704 1127 2774 liquida

182 2824 275 2879 ‘lrad'
297 2828 320 2881 b.
375 2826 460 2882 mirre
478 2828 613 2883 trocliten
628 2832 651 2885 b.
707 2829 809 2883 baccas
823 2830 847 2883 b.
903 2835 990 2884 bana
1009 2830 1038 2884 .Ι.
1053 2833 1125 2890 ÷b.

109 2894 211 2950 misces
230 2898 257 2952 b.
331 2904 347 2951 4
366 2897 581 2966 perfricationes
600 2902 616 2955 b
631 2901 704 2969 (item
721 2901 753 2954 iss
770 2900 827 2953 ind.
847 2915 907 2968 cap.
921 2899 1057 2970 XXXVI).

110 2973 183 3023 oss.
204 2969 246 3023 b.'
323 2968 467 3038 'lpletora
486 2973 510 3026 b.
600 2969 670 3024 folia
685 3013 690 3024 .
708 3013 713 3024 .
730 3012 735 3023 .
750 2968 852 3022 baccas
872 2971 895 3023 b.
987 2971 1125 3026 8bacoas

108 3039 194 3111 Mirte
212 3041 269 3095 Ros
288 3039 391 3094 marini
411 3042 433 3096 b.
521 3058 576 3096 ana
595 3041 624 3096 .Ι.
642 3054 679 3101 ÷
693 3042 716 3095 b.
801 3044 834 3092 10
854 3038 961 3103 Quarto
979 3041 1080 3098 misces
1101 3045 1124 3098 b.

110 3118 235 3213 111111
254 3133 278 3185 b.
353 3135 386 3184 12
407 3128 514 3184 Colatis
533 3133 557 3185 b.
619 3133 652 3183 14
671 3125 831 3183 cucumeris
850 3124 906 3181 suc’
927 3130 1049 3198 agrestis
1062 3132 1124 3185 rad'

108 3218 139 3271 lb
153 3220 174 3275 I.
190 3222 213 3275 b.
288 3225 322 3273 15
341 3234 429 3287 usque
448 3218 486 3271 ad
504 3217 643 3286 ol'm(cic)
662 3218 685 3272 b.
773 3220 807 3270 18
826 3214 880 3268 dol’
901 3235 1005 3287 semper
1022 3221 1046 3274 b.

107 3329 140 3377 21
160 3325 308 3379 Abrotanu
328 3327 351 3379 b.
415 3323 532 3377 decocta
550 3325 580 3376 et
595 3321 665 3376 trita
683 3322 742 3391 (eie)
761 3323 784 3376 b.
859 3327 892 3374 23
912 3302 1020 3377 ustula⁸
1038 3327 1078 3379 tis
1098 3328 1121 3381 b.

107 3398 141 3445 25
161 3393 226 3447 dol'.
310 3400 343 3448 26
364 3392 428 3448 dol'.
501 3398 536 3446 27
554 3400 592 3448 eat
609 3393 711 3447 iudica
728 3390 903 3446 aXXXVII.
923 3394 956 3460 cf.
977 3393 1023 3449 Pe.
1043 3395 1121 3451 Pon.

104 3465 191 3530 2,14
209 3471 235 3518 et
253 3464 326 3519 Mea.
347 3464 523 3530 Placere.
544 3463 694 3532 colias).
777 3464 810 3515 21
830 3460 903 3516 Gitti
922 3465 945 3519 b.
973 3465 1008 3530 cf.
1028 3465 1120 3521 Marc.

101 3549 135 3604 p.
150 3537 215 3602 251,
230 3537 274 3588 33.
355 3539 388 3586 29
408 3549 482 3599 aqua
501 3533 551 3586 cal'
573 3536 597 3590 b.
