2392 3924
314 111 544 163 EUPORISTON
561 111 818 163 FAENOMENON.
1052 107 1072 172 9

145 275 270 336 herbam
288 276 492 355 peristereona
515 293 583 335 oum
607 274 756 334 radicibus
779 275 840 334 suis
860 276 970 335 siccam
993 280 1073 335 teres

55 373 86 426 et
110 363 259 425 cribrabis
282 371 312 424 et
334 363 399 424 oleo
423 363 639 444 commiscebis
663 369 692 422 et
715 365 817 424 uteris,

145 453 188 512 de
217 455 485 532 experimentis,
532 452 621 530 adeps
653 454 774 512 ursinus
807 470 875 512 cum
907 451 1012 512 ladano
1043 454 1103 519 et8

54 542 175 602 adianto
203 540 343 602 subactus
371 541 533 620 inlitusque
561 539 682 619 capillos
710 540 838 601 effluere
866 559 926 600 non
953 543 1072 620 patitur.

55 648 126 690 narn
149 637 181 690 et
204 629 363 691 sandaraca
381 649 449 691 cum
472 636 555 690 aceto
580 631 706 690 contrita
728 629 784 689 hoc
807 629 887 689 idem
910 629 988 690 facit.
1026 648 1073 689 ca·
1091 645 1113 688 a

53 721 118 798 pita
141 736 312 779 muscarum
336 737 403 779 cum
426 719 513 779 melle
537 720 664 779 contrita
683 736 737 797 par
759 717 938 779 beneficium
960 718 1074 778 faciunt

54 809 86 867 in
110 807 292 868 continendo
315 807 446 887 capillos.
915 821 920 825 ’

147 897 175 955 si
198 898 335 956 rororis
358 903 392 957 nt
415 895 539 975 capilli
562 895 668 955 etiam
686 902 768 974 post
790 895 1074 956 combustionem

55 989 199 1064 exeant,
222 985 272 1044 fici
293 985 363 1046 folia
387 987 465 1046 sicca
483 984 592 1045 tundes
611 990 641 1043 et
659 982 827 1044 oribellabis
847 990 932 1043 etex
956 1003 991 1044 eo
1008 983 1073 1062 pul-

55 1089 126 1132 vere
156 1071 222 1132 loca
250 1072 441 1155 confricabis,
474 1092 549 1153 quae
578 1080 646 1132 ante
675 1091 742 1132 cum
771 1090 845 1151 aqua
873 1071 966 1132 calida
993 1071 1114 1132 dulci1o

55 1160 223 1240 vaporabis
264 1161 391 1241 alcyonii
414 1162 529 1222 radices
553 1160 711 1222 combures
734 1167 764 1221 et
782 1167 862 1220 teres
884 1160 1023 1221 similiter
1045 1166 1075 1220 et

56 1251 279 1328 praeraporatis
301 1250 375 1311 locis
398 1269 546 1331 asperges

148 1338 201 1398 sed
235 1341 374 1417 quoniam
407 1338 564 1417 aliquando
596 1339 637 1398 de
671 1338 883 1417 superciliis
915 1341 987 1398 vitio
1019 1340 1074 1397 im·

56 1428 192 1486 minente
216 1427 370 1488 elefantiae
394 1435 445 1488 aut
468 1429 600 1487 siccitate
624 1429 715 1487 nimia
739 1429 872 1506 eorporis
895 1428 1018 1507 cadunt,
1040 1434 1075 1487 ut

57 1517 149 1575 etiam
168 1514 205 1575 de
224 1517 320 1595 capite
335 1534 423 1595 saepe
440 1518 595 1596 contingit,
618 1516 650 1575 hi
673 1519 716 1576 sic
735 1516 959 1594 constringendi
977 1522 1115 1577 erunt.1s

56 1701 178 1771 pellant)
196 1704 241 1759 rb.
278 1702 313 1769 cf.
330 1702 392 1757 Gal.
411 1721 439 1772 p.
454 1709 506 1757 322
524 1703 556 1758 τὸ
571 1703 640 1758 αὐτὸ
655 1703 686 1759 ot
701 1700 861 1772 πιτυρίασιν
881 1703 966 1758 ἰᾶται.
1004 1720 1074 1773 quas

56 1791 97 1844 gr.
116 1772 248 1827 triciesin
267 1771 412 1854 appellant
430 1776 458 1829 Β
477 1777 573 1843 (quam
591 1792 632 1846 gr.
650 1774 777 1844 patrosin
796 1774 976 1843 appellavere
996 1777 1073 1846 cei).

130 1850 145 1896 1
164 1843 333 1914 peristenon
352 1845 367 1899 b
386 1847 499 1913 (-reon
519 1845 597 1915 Gai),
616 1845 857 1927 peristhereonam
869 1848 898 1900 Β
912 1845 986 1914 (Gai.
1001 1847 1075 1913 XII,

57 1917 132 1984 435).
205 1916 274 1969 teris
293 1917 322 1968 et
339 1913 446 1969 cribras
466 1917 495 1970 et
513 1933 538 1972 o.
557 1922 692 1970 com1sces
710 1917 738 1969 Β
757 1918 840 1984 (teres
860 1917 889 1969 et
907 1931 1002 1969 cernes
1023 1958 1074 1973 ...

56 1984 195 2040 comisces
213 1988 242 2054 b,
265 1987 339 2040 teres
363 1988 392 2040 et
410 1986 573 2042 cribellabis
593 2031 599 2042 ,
616 2030 644 2042 ..
664 1985 856 2041 commiscetis
883 1985 964 2040 Gai:
989 1991 1075 2042 totum

57 2073 107 2112 ora.
129 2055 431 2181 (herbam-uteripplr.
534 2064 550 2112 3
569 2059 610 2112 De
630 2056 827 2126 experimentis
847 2057 927 2124 Bb(
956 2058 1014 2127 el.):
1033 2057 1075 2112 De

58 2127 182 2196 expertis
200 2146 223 2182 r.
318 2133 369 2182 4e
401 2145 466 2183 uere
484 2131 513 2185 B
532 2130 603 2184 Get:
622 2128 709 2182 fluere
726 2129 771 2183 rb.
864 2126 974 2196 patitur
993 2130 1074 2186 Bbr:

77 2197 189 2252 atiatur
208 2199 266 2254 Gai.
358 2203 503 2254 tuamet
523 2201 594 2256 Gal:
614 2200 643 2253 et
661 2201 697 2268 B,
717 2216 767 2255 om.
786 2200 830 2254 ab.
928 2199 981 2253 hoo
999 2198 1076 2254 idem

56 2215 130 2322 lecit
149 2271 177 2323 Β
190 2270 261 2325 Gal:
280 2267 385 2323 illinito
405 2272 428 2339 b,
448 2287 498 2324 otu.
516 2288 540 2326 r.
620 2275 636 2323 6
655 2285 708 2339 par
726 2271 798 2340 (-7)
817 2269 936 2340 capillos
954 2273 982 2325 B
1002 2272 1075 2328 Gai:

56 2356 108 2396 om.
128 2341 165 2394 rb
185 2341 244 2409 (qui
260 2341 360 2396 batem
379 2339 509 2396 similiter
526 2340 651 2410 illinito).
725 2347 739 2394 7
760 2340 890 2410 capillos:
909 2344 950 2397 sic
968 2344 996 2397 Β
1016 2343 1075 2398 Gal.

57 2409 201 2464 8sivero
219 2409 263 2464 ris
282 2412 315 2464 ut
333 2410 484 2481 capilli...
501 2415 603 2467 exeant
623 2413 692 2479 Gal,
709 2414 741 2466 ut
759 2412 914 2482 capilli...
930 2415 1033 2467 exeant
1051 2413 1075 2467 si

59 2481 122 2536 fiori
140 2480 212 2535 velis
231 2483 272 2537 B:
291 2498 342 2536 om.
361 2484 405 2538 ab.
513 2484 571 2538 Hic
589 2486 664 2553 (post
675 2482 791 2553 illinito)
806 2486 899 2539 alicua
916 2485 1075 2550 insectanti)

57 2554 111 2621 (cr)
121 2554 172 2607 aab
185 2554 261 2608 ναὸν.
286 2550 381 2607 Calvis
393 2555 426 2607 ut
438 2553 535 2624 capilli
546 2556 706 2610 nascantur.
730 2556 828 2610 daiam
841 2572 868 2610 aa
886 2557 980 2610 cuba
1008 2555 1076 2609 Post

56 2621 201 2676 nationem
219 2625 274 2705 <ut
292 2623 389 2694 capilli
411 2625 647 2698 nassamones).
684 2624 745 2679 Fici
768 2624 838 2680 folia
874 2625 954 2750 εἰοειζ
973 2627 1075 2680 trmdes

56 2700 105 2748 cic.
165 2693 238 2748 afin
256 2695 355 2750 ocare
374 2696 442 2749 licus
461 2698 516 2751 rB.
589 2696 685 2750 tundis
705 2699 779 2765 (—es
799 2698 824 2766 b)
843 2699 873 2751 et
891 2696 930 2750 en'
951 2696 1075 2754 elias...

57 2763 199 2818 confrioas
217 2766 287 2820 Bbr
306 2765 418 2834 (futura
439 2768 520 2822 babet
545 2767 602 2823 Gai.
631 2770 680 2838 qui
692 2786 721 2822 ,α
743 2769 821 2823 ambo
845 2767 1013 2821 confricabis
1032 2771 1075 2822 iu-

55 2836 153 2891 dicato
181 2836 284 2890 locucio
306 2839 430 2892 trauecta
448 2839 485 2892 od
503 2854 525 2893 c.
541 2844 559 2893 6
577 2839 627 2892 aut
644 2840 753 2907 myrtus
776 2840 826 2892 aut
848 2839 936 2891 rubus
959 2840 1009 2891 aut
1033 2854 1076 2891 es·

55 2904 912 3049 matiiaffuististfttttititttftf·
928 2912 1077 3032 uitii

57 3063 135 3116 aqua
153 3046 250 3101 calida
268 3047 382 3102 dulciua
397 3051 456 3119 (sic)
470 3049 624 3119 proderunt
637 3052 673 3105 B.
731 3057 761 3104 11
775 3047 1030 3173 alehioni<icorcp
1039 3051 1076 3117 Β,

58 3117 166 3173 alcioni
186 3119 202 3173 b
222 3116 345 3188 (cleiis).
441 3120 587 3174 combures
605 3122 635 3174 et
651 3120 720 3175 teris
734 3128 781 3176 etc.
797 3122 825 3175 Β
831 3144 837 3175 :
856 3119 958 3175 tondes
977 3126 1009 3173 co
1030 3137 1076 3174 us-

55 3192 101 3243 tas
121 3191 152 3243 et
174 3204 272 3243 cernes
301 3190 450 3258 (comburis
469 3191 537 3245 teris
562 3192 590 3244 et
613 3191 702 3244 cernis
721 3194 754 3261 a).
783 3192 813 3245 et
834 3189 979 3259 vaporatis
1006 3190 1075 3254 iocis

57 3276 93 3315 ex
111 3275 191 3329 aque
209 3258 304 3313 calida
322 3261 449 3342 aspergis
469 3263 511 3317 br.
639 3266 672 3314 13
687 3260 755 3329 quia
774 3262 817 3316 bc.
927 3261 961 3316 de
981 3277 1075 3332 super-

57 3330 132 3385 ciliis
152 3332 217 3386 Bo:
238 3330 388 3399 supercilia
406 3351 430 3388 r.
502 3331 666 3385 imminente
684 3349 700 3386 r
718 3330 801 3400 (—tis
820 3331 915 3402 Neci:
935 3331 1076 3388 eminente

56 3401 275 3530 &amrpinente
293 3403 353 3472 (sic)
371 3404 407 3458 B.
426 3404 462 3472 cf.
481 3403 607 3471 Rara
712 3407 745 3455 15
764 3400 795 3455 hi
813 3400 853 3456 sio
872 3404 913 3459 B:
932 3403 976 3457 his
996 3404 1075 3458 adiu-

88 3490 138 3527 rus
179 3490 204 3530 r.
