2392 3922
125 194 190 259 292
457 192 802 245 Psnuno-ruaoooru
831 181 834 188 '

355 351 401 404 Dc
420 366 567 420 genuum
587 349 704 404 dolore
723 348 908 418 (XXXVIIII).

195 430 301 483 Bulbos
330 429 450 484 rusticos
477 429 598 498 tundes,
627 428 733 484 adicito
762 428 835 483 sales
863 428 951 483 frixos
980 431 1010 484 et
1037 429 1141 485 nitrum

125 509 303 565 combustum
324 509 387 579 pari
414 509 538 578 pondere
561 512 591 563 et
617 507 718 563 tritum
745 524 861 563 ovorum
887 507 1031 565 albumen.
1060 509 1141 565 simul

126 588 221 643 omnia
240 588 393 643 commixta
411 605 506 658 panno
525 588 642 643 inducta
660 587 797 658 impones,
816 586 875 641 alia
894 587 940 641 die
960 587 1063 646 solves.
1091 590 1141 644 hoc

99 668 213 724 ofacies
234 670 322 723 donec
340 668 459 738 incipiet
476 671 571 723 tumor
589 668 694 738 sedari,
721 684 809 736 usque
829 668 866 722 ad
885 666 1048 724 sanitatem.
1081 687 1140 739 pro-

126 747 226 803 batum
249 752 300 805 est.
330 748 399 803 item
421 747 525 817 prassii
543 749 611 816 5Χ,
640 747 780 818 axungiae
804 745 908 802 veteris
927 747 992 810 3V.
1026 748 1141 804 herbam

126 828 349 898 suprascriptam
371 844 474 896 coques
498 828 550 882 sub
578 827 671 882 cinere
695 827 789 882 calido
812 827 843 881 in
865 827 942 882 foliis
965 828 1081 884 malvae
1103 829 1142 883 in·

125 908 234 978 voluto,
253 911 366 963 etcum
385 907 529 962 sudaverit
546 907 630 962 tolles
649 910 679 962 et
697 908 799 962 tundes
819 924 883 962 eum
901 907 1029 977 axungia
1049 927 1141 980 supra

127 988 246 1058 scripta,
271 992 301 1044 et
327 989 414 1043 addes
433 1004 535 1058 panem
553 1003 637 1056 quem
659 986 790 1041 infundes
809 986 840 1040 in
857 985 924 1041 rino
942 988 1048 1059 veteri,
1072 991 1142 1044 teres

88 1083 114 1122 10
129 1069 213 1123 simul
233 1068 328 1124 omnia
342 1071 372 1122 et
385 1067 473 1122 linteo
487 1066 605 1121 inducta
619 1066 754 1136 impones,
773 1069 803 1121 et
817 1066 974 1120 sanabitur.
992 1069 1142 1137 probatum

128 1152 179 1204 est.
207 1148 247 1203 fel
261 1148 405 1202 taurinum
422 1147 511 1202 linteo
525 1147 673 1201 inductum
686 1145 807 1220 impone.
832 1148 939 1200 stercus
953 1147 1035 1200 canis
1050 1148 1143 1202 album

128 1245 192 1283 oum
211 1228 273 1283 olco
292 1245 372 1282 roseo
387 1228 507 1296 impone.
537 1229 643 1280 stercus
657 1226 812 1280 humanum
826 1224 932 1280 siecum
945 1226 1032 1282 melle
1047 1228 1144 1283 tritum

127 1306 275 1374 imponito.
305 1309 399 1360 rutam
423 1305 545 1360 viridem
568 1323 631 1359 cum
654 1305 711 1361 alio
735 1307 765 1360 et
787 1304 847 1359 sale
872 1307 902 1360 et
924 1305 1019 1360 mellis
1042 1304 1144 1377 pusillo

126 1383 226 1439 tritam
247 1401 343 1453 panno
370 1384 517 1439 inductam
540 1384 665 1454 impone,
699 1384 798 1439 statim
825 1386 915 1438 senat.
949 1383 990 1440 fel
1019 1385 1144 1441 ursinum

88 1477 115 1516 15
129 1479 193 1515 eum
221 1462 305 1531 adipe
334 1464 452 1517 scrofino
479 1466 540 1518 tere
564 1466 593 1517 et
615 1463 736 1533 impone.
764 1464 818 1518 hoo
846 1465 875 1518 et
894 1462 975 1537 (ad)
998 1464 1144 1520 cicatrices

127 1541 205 1595 facit.
230 1541 354 1596 hederae
372 1542 508 1596 bacarum
525 1541 677 1613 heminam,
695 1543 764 1598 ficus
784 1543 875 1598 siccae
893 1542 1000 1598 libram
1012 1545 1039 1614 I,
1060 1563 1145 1600 axun-

127 1619 192 1689 giae
215 1618 319 1753 ltibrem
333 1622 353 1675 1.
383 1638 446 1675 cum
468 1620 535 1675 vino
560 1622 651 1676 veteri
674 1626 793 1677 contusa
816 1625 845 1678 et
868 1621 986 1678 linteolo
1011 1623 1144 1694 imposita

129 1716 219 1754 sanan
234 1744 239 1754 .

128 1806 178 1860 Ad
196 1805 331 1860 varices
351 1805 424 1859 sine
442 1804 534 1860 ferro
559 1807 729 1862 curandas
754 1811 788 1863 et
809 1809 1070 1865 malandriosos
1089 1811 1146 1881 qui

88 1903 115 1941 ao
249 1902 309 1956 per
327 1885 437 1940 tibias
456 1888 491 1939 et
509 1901 631 1956 corpus
649 1887 769 1944 ulcera
787 1889 924 1944 faciunt
942 1889 1019 1959 (XL).

200 1967 286 2038 <Ad>
310 1966 418 2021 varices
442 1965 497 2019 viri
520 1982 570 2020 scu
594 1965 720 2022 mulieris
747 1967 891 2036 gravidae.
920 1966 1003 2022 bovis
1026 1968 1146 2024 masculi

128 2046 225 2099 fimum
248 2045 374 2100 calidum
397 2063 461 2100 cum
484 2050 565 2101 aceto
584 2045 720 2101 acerrimo
738 2049 825 2116 teres,
849 2049 879 2101 et
896 2046 927 2100 in
943 2046 1048 2102 balneo
1068 2049 1145 2118 prius

128 2124 276 2180 inductum
294 2129 361 2180 tunc
381 2125 498 2181 linteolo
519 2125 643 2180 calidum
656 2126 791 2195 impones.
812 2125 861 2179 sed
879 2125 948 2179 luna
967 2126 1146 2182 decrescente

127 2205 229 2274 facies,
259 2208 288 2260 et
315 2206 385 2260 haec
409 2206 496 2261 verba
520 2205 597 2261 dices
619 2205 764 2271 Quomodo
789 2222 894 2260 cornua
916 2204 998 2259 bovis
1026 2207 1147 2262 maseuli

89 2299 115 2339 25
130 2285 206 2340 sicca
234 2289 300 2340 sunt
327 2289 357 2340 ct
380 2285 491 2355 stricta,
517 2285 608 2339 sicet
631 2285 677 2339 eui
700 2285 744 2355 fit,
773 2284 817 2338 illi
843 2283 914 2339 Graio
934 2283 1012 2354 Seio,
1035 2286 1145 2342 varices

130 2365 221 2418 siccae
240 2367 270 2417 et
289 2365 404 2419 strictae
423 2365 487 2419 sint.
517 2363 631 2433 adipem
644 2365 807 2420 anserinum
821 2382 885 2419 cum
903 2381 967 2419 cera
980 2363 1081 2420 tritum
1095 2365 1147 2420 im-

128 2441 236 2511 ponito,
257 2444 372 2498 sanasti.

201 2521 461 2577 Maiandriosis.
500 2521 551 2576 alii
571 2523 682 2578 decocti
700 2541 776 2593 aqua
795 2523 1021 2583 crurauleerosa
1039 2523 1148 2579 fomen-

744 2637 758 2665 0

202 2671 595 2728 liciadchXXVIHI.
681 2673 898 2730 aniteolitib.
978 2674 1146 2744 3albb(f.

129 2742 160 2796 in
179 2751 222 2797 ov.
243 2741 405 2811 albumine).
478 2744 624 2799 odonech
638 2746 661 2800 b.
753 2746 828 2819 22-1-
842 2748 865 2801 b.
928 2750 1041 2813 Mete.)
1058 2746 1085 2799 X
1099 2750 1148 2808 5b

131 2815 193 2884 (qui
210 2814 276 2868 solet
293 2815 371 2883 scyno
389 2830 534 2868 carnorum
552 2819 734 2886 anteponere).
817 2816 952 2872 herbas—s
972 2819 995 2871 b.
1070 2816 1148 2870 iin-

130 2885 229 2939 volutd
244 2885 267 2940 b.
315 2889 439 2938 91an
452 2888 546 2939 vetem
560 2888 584 2942 b.
638 2888 677 2940 tis
692 2887 715 2941 b.
766 2891 799 2938 13
810 2885 880 2942 allio
890 2888 913 2941 b.
958 2886 1065 2955 pusilli
1074 2887 1147 2942 tritu

133 2955 291 3013 ...inductu
310 2957 335 3009 b.
397 2960 430 3008 15
442 2956 479 3009 ad
488 2974 538 3012 om.
550 2959 573 3011 b.
622 2963 655 3010 16
665 2953 734 3010 Ed'e
742 2954 845 3010 baccas
856 2956 956 3013 emina.
972 2957 1041 3012 ficus
1057 2957 1147 3013 siccas

131 3046 181 3099 lio.
195 3045 216 3099 I.
237 3044 358 3116 axungip
377 3043 426 3098 lio.
447 3046 470 3098 b.
544 3051 576 3097 17
596 3043 702 3113 iposita
721 3031 788 3097 saiit
805 3044 844 3098 otc
863 3046 886 3100 b.
947 3052 981 3100 20
999 3048 1040 3101 sic
1057 3049 1082 3115 b,
1102 3050 1149 3103 sed

132 3117 235 3169 XXXX
253 3116 295 3170 De
314 3114 437 3170 verrucis
457 3114 615 3184 (veruoibus
634 3132 658 3183 c,
675 3113 778 3168 varicis
797 3116 821 3182 r)
841 3113 901 3170 sinc
920 3114 994 3171 ferro
1013 3117 1148 3171 curandis

131 3188 221 3242 iudo
241 3190 302 3257 (cr).
358 3186 413 3252 Qui
430 3202 481 3255 per
494 3185 582 3240 tibias
597 3187 626 3239 et
640 3201 740 3253 corpus
754 3184 850 3238 ulcera
864 3185 973 3241 faciunt
987 3190 1062 3243 rubr.
1082 3191 1146 3244 odd.

133 3263 209 3324 (aete
228 3260 282 3326 tit.)
302 3259 334 3312 ia
352 3259 457 3312 tectub
475 3264 501 3312 et
520 3261 592 3325 (post
610 3257 664 3323 tu.)
688 3257 720 3309 ic
737 3256 795 3310 ico.
811 3272 838 3322 c,
862 3274 912 3311 om.
933 3259 1015 3326 (iad.)
1030 3277 1052 3312 r.
1073 3259 1148 3329 [sine

132 3327 219 3382 ferro:
234 3329 268 3395 cf.
280 3328 371 3383 Marc.
383 3346 412 3398 p.
423 3332 486 3394 349,
500 3327 557 3398 12].
608 3331 638 3380 21
656 3324 771 3380 varices
781 3329 843 3391 (om.
861 3328 910 3396 ad)
922 3330 963 3384 bc.
1019 3333 1054 3381 22
1068 3332 1108 3383 tis
1124 3332 1147 3386 b.

132 3398 285 3451 eonducta
304 3400 327 3452 b.
418 3395 501 3451 calid’
521 3398 545 3451 b.
636 3402 670 3449 25
688 3395 774 3450 triete
793 3397 817 3452 b.
905 3403 939 3452 26
958 3397 1103 3454 asinerinsr
1123 3404 1147 3457 b.

133 3472 167 3520 28
186 3466 386 3521 Maiandriosis
404 3470 478 3523 rubr.
498 3468 561 3522 odd.
581 3484 603 3534 o,
622 3468 694 3538 quod
708 3472 805 3534 (vacuo
823 3470 913 3538 spotcc
931 3470 1035 3536 relicto)
1055 3487 1105 3524 om.
1123 3474 1147 3527 b.

72 3554 84 3573 ·
133 3536 224 3606 (A)llii
245 3539 296 3603 (sie
314 3538 411 3604 incip.)
432 3539 457 3604 b,
475 3536 545 3590 Allii
563 3553 584 3592 o.
