2392 3922
90 140 136 209 50
404 122 813 192 rnaononrrnrscnm'

182 308 208 366 si
226 323 296 366 vero
316 323 477 384 percussus
497 305 617 383 quidam
635 305 710 365 dens
726 303 772 364 vel
791 310 890 364 motus
909 303 1011 384 luerit,
1029 322 1136 365 reso·.

91 394 186 456 lutum
208 394 310 456 coralli
329 394 481 473 pulverem
500 396 651 474 apponito,
674 399 705 453 et
723 394 864 453 continuo
884 394 1113 472 constringitur.

181 486 207 543 si
234 483 321 561 longo
345 484 416 543 vitio
440 481 608 543 laborantes
635 488 814 560 spontaneos
838 482 945 542 eadere
968 481 1114 564 volueris,

90 572 225 652 pyrethri
252 571 299 632 vel
327 572 496 632 artemisiae
509 564 511 569 ’
524 571 677 650 pulverem
701 589 769 631 cum
792 577 875 631 aceto
900 569 1114 631 commiscebis
1145 616 1154 655 Ι,

65 668 122 721 aet
149 661 271 721 dentem
298 660 511 740 circumlinies‚
541 667 571 720 et
599 661 755 738 spontanei
782 659 912 720 exilient.
960 666 1011 720 aut
1039 652 1154 733 suco-³⁵5

91 748 238 828 tithymali
262 767 418 809 cavernam
441 748 541 830 imple,
565 754 595 808 et
616 750 772 827 spontanei
791 748 906 809 cadent.
948 755 1000 809 aut
1016 748 1112 809 lacer·
1147 738 1154 831 J

91 845 152 899 tam
176 838 325 898 solaneam
350 856 457 898 exseca
480 845 511 898 et
534 839 613 897 sicca
637 844 667 897 et
690 838 756 898 eius
778 835 901 916 pulvere
925 837 1047 898 dentem
1065 837 1113 898 vel
1150 886 1152 891 .

92 945 248 988 cavernam
281 929 407 1007 attinge,
439 934 469 987 et
501 927 641 987 continuo
673 925 758 986 cadet
785 933 853 1005 post
881 926 1112 989 scarilationem.
1151 979 1154 1003 2

30 1063 39 1079 .
91 1025 122 1078 et
145 1034 267 1078 coccum
286 1017 421 1095 gnidium
444 1023 565 1076 tunsum
588 1017 620 1075 in
649 1013 773 1093 galbano
797 1013 937 1074 similiter
961 1021 1111 1093 operatur.
1151 1010 1154 1017 ¹

35 1103 80 1170 48
180 1124 248 1166 nam
262 1112 293 1165 et
307 1105 577 1184 apossegmatismus
592 1104 640 1164 his
656 1105 830 1182 saepissime
843 1103 967 1185 profuit,
986 1106 1014 1164 si
1028 1103 1111 1164 stalis
1139 1102 1145 1111 '

51 1211 76 1249 11
91 1197 173 1273 agria
196 1195 232 1255 ad
256 1194 446 1254 massandum
475 1193 562 1253 detur
590 1199 640 1253 aut
668 1194 694 1252 si
720 1211 788 1253 cum
814 1191 914 1270 puleio
937 1193 1110 1253 misceatur.
1151 1246 1154 1263 ς

91 1290 141 1344 aut
160 1301 228 1343 cera
247 1300 316 1342 cum
339 1281 481 1361 gallarum
503 1280 625 1360 pulvere
649 1287 849 1342 contusarum.
892 1288 943 1342 aut
966 1283 993 1341 si
1016 1281 1109 1342 alium

90 1379 120 1431 et
142 1378 258 1430 murtae
282 1369 351 1430 lolia
374 1370 480 1430 viridia
503 1372 535 1429 in
558 1377 642 1430 aceto
666 1376 832 1448 coquantur
855 1376 886 1430 et
909 1371 941 1430 in
964 1388 1017 1430 ore
1039 1387 1110 1430 con·

90 1461 249 1519 tineantur.
285 1465 389 1536 postea
407 1476 477 1518 vero
495 1476 533 1518 ne
547 1461 627 1519 ustio
642 1455 848 1539 prosequatur,
868 1457 967 1519 oleum
987 1476 1111 1520 roseum

50 1562 75 1603 15
89 1547 223 1626 tepidum
253 1549 284 1606 in
312 1564 364 1607 ore
393 1549 571 1608 contineant.
618 1554 649 1607 et
676 1549 831 1625 origanum
859 1549 891 1606 in
920 1546 985 1607 oleo
1014 1565 1109 1626 coque

89 1644 120 1696 et
147 1655 184 1696 ex
211 1635 268 1696 hoc
295 1635 400 1695 dentes
424 1635 587 1696 calefacito.
633 1643 663 1696 et
687 1635 832 1696 saccellus
856 1637 1016 1714 impositus
1041 1635 1111 1696 cali·

162 1813 176 1860 1
197 1805 221 1860 si
240 1821 305 1860 vero
323 1822 471 1875 percussus
492 1806 623 1862 audet:
642 1805 668 1859 si
686 1806 721 1860 de
739 1805 919 1876 percussione
937 1824 960 1861 r.
1048 1805 1110 1875 qui-

89 1877 157 1932 dam
174 1879 235 1933 rB:
255 1878 397 1946 quondam
413 1878 471 1933 eet.
487 1880 548 1947 (om.
568 1879 603 1946 b).
676 1879 769 1931 motus
789 1879 805 1932 b
822 1879 867 1947 (cf.
881 1895 922 1949 pr.
937 1879 1015 1947 43o):
1033 1877 1111 1932 mola

89 1951 137 2005 rB
147 1951 205 2005 Gel.
260 1948 416 2003 resolutum
434 1949 473 2005 B:
493 1950 560 2002 -ta
577 1949 660 2004 rGel.
678 1951 739 2017 (om.
754 1950 788 2018 b).
862 1946 1110 2018 trestringiturb

90 2024 153 2092 (qui
171 2022 235 2077 add.
253 2021 307 2075 hoc
326 2022 355 2074 et
374 2020 488 2075 alumen
506 2020 622 2074 scistum
640 2018 729 2088 facit).
856 2024 873 2072 3
894 2020 1067 2089 spontaneos
1085 2036 1109 2074 c.

88 2092 212 2147 volueris
231 2094 292 2148 bB:
313 2091 462 2163 spontanei
480 2109 503 2146 e.
523 2089 665 2145 voluerint
684 2090 742 2146 Gal.
801 2094 834 2144 Ι4
851 2089 1048 2145 commiscebis
1067 2091 1110 2146 B:

91 2165 211 2218 —misce
230 2165 309 2220 rGel.
330 2164 436 2233 (miscis
455 2166 488 2233 b).
544 2162 689 2217 edentem
702 2163 730 2216 Β
742 2159 814 2217 Get:
833 2161 931 2216 dentes
948 2163 993 2217 rb.
1042 2160 1110 2216 oti·

89 2234 184 2288 timali
203 2237 218 2288 b
238 2235 365 2302 (—malli
382 2238 420 2304 r):
440 2234 558 2288 titimuli
575 2235 611 2288 Β.
733 2239 797 2288 onte
815 2233 866 2286 aut
883 2234 947 2288 add.
967 2234 996 2286 Β
1014 2231 1110 2286 Fisida

88 2307 161 2358 sicot
177 2321 265 2372 supro
279 2323 309 2373 p.
324 2310 369 2372 49,
384 2312 409 2360 7.
497 2307 620 2373 aut-(8)
639 2305 724 2358 cadet
736 2322 786 2359 om.
807 2305 830 2372 b,
849 2309 875 2358 et
891 2320 955 2358 moa
973 2319 1110 2358 exseca-

89 2373 323 2427 scarificationem
342 2391 392 2430 om.
408 2378 489 2430 ctiam
505 2377 562 2430 eet.
618 2381 634 2428 6
653 2374 791 2429 lacertam
806 2373 950 2428 solaneam
968 2373 1109 2444 r(Gel)la·

89 2445 196 2497 certum
215 2442 344 2497 solanum
363 2447 390 2500 Β
410 2448 528 2514 (σαῦραν
547 2445 650 2514 ἀγρίαν
668 2464 709 2517 pr.
725 2464 755 2516 p⁴
771 2448 842 2515 431).
917 2451 932 2498 7
953 2460 1055 2500 exseoa
1066 2445 1108 2501 Βε

89 2514 166 2567 stilio
186 2530 288 2583 exopta
306 2533 328 2569 r.
438 2521 454 2568 8
473 2515 557 2569 cadet
574 2518 640 2584 post
658 2516 866 2572 caricationem.
885 2515 923 2570 Et
941 2517 978 2584 B,
997 2517 1108 2571 eadent.

88 2585 157 2638 Post
175 2584 385 2639 scarifationem
404 2587 433 2639 et
451 2603 474 2654 r,
493 2585 596 2639 cadent
614 2588 648 2655 (o.
664 2591 699 2658 6).
737 2589 805 2642 Post
890 2590 940 2658 (sic
954 2605 1016 2644 com
1034 2588 1108 2657 albo)

91 2655 300 2727 lrificationem.
321 2659 349 2710 et
363 2658 378 2711 b
393 2654 472 2725 (ὅταν
491 2656 689 2730 περικαθάρῃς
699 2703 723 2714 ..
742 2678 782 2731 pr.
803 2661 820 2714 l.
839 2661 892 2728 c.).,
995 2674 1109 2714 coccum

88 2726 218 2798 gnidium
232 2727 405 2798 (cognidium
419 2729 445 2797 b)
464 2729 561 2784 atiel:
582 2744 680 2784 coccus
695 2730 809 2785 chindii
824 2732 884 2800 (sic)
898 2732 933 2786 Β.
991 2736 1025 2783 10
1040 2745 1107 2783 nam

89 2800 118 2853 et
139 2799 210 2854 Get:
230 2801 259 2854 et
276 2800 356 2854 er.
448 2798 543 2868 apoll:
562 2802 598 2868 cf.
620 2800 693 2857 Coss.
710 2821 739 2872 p.
756 2808 800 2870 64,
819 2807 843 2857 5.
870 2801 917 2856 Ps.
939 2801 1002 2856 Gal.
1022 2801 1108 2867 XIV,

89 2876 152 2928 356.
260 2869 305 2924 his
324 2873 360 2925 rb
373 2871 444 2926 det:
463 2869 510 2924 hic
529 2872 564 2927 B.
674 2873 839 2944 saepissime
858 2873 957 2928 oseca
981 2889 1033 2928 om.
1051 2871 1106 2927 rB.

91 2949 120 2997 11
142 2943 324 2997 massandum
342 2943 370 2996 Β
389 2941 587 3011 (mansandum
605 2947 644 3012 r):
663 2944 871 2998 masticandum
890 2946 913 2999 Β.
1006 2949 1039 2997 12
1059 2943 1108 2996 aut

90 3013 127 3070 si:
150 3032 185 3070 sc.
205 3016 262 3068 'aut
285 3014 347 3069 sola
370 3014 420 3066 aut
443 3013 468 3066 si
487 3030 551 3068 cum
568 3033 596 3084 p,
611 3040 645 3061 ==
661 3013 720 3088 lttp
743 3015 792 3068 sol
814 3013 885 3082 μετὰ
907 3013 1050 3084 γλήχωνος
1065 3031 1106 3085 pr.

85 3104 115 3155 p.
131 3091 194 3142 356.
269 3092 301 3139 12
316 3088 367 3139 aut
385 3091 469 3139 cera?
488 3089 528 3140 sic
541 3103 644 3141 omnes:
663 3087 698 3152 ef.
717 3102 758 3154 pr.
773 3081 790 3151 ἢ
805 3086 921 3151 κηκῖδος
939 3086 970 3141 τὸ
986 3084 1108 3142 ἔνδοθεν

89 3157 177 3226 μέλαν
196 3155 322 3212 douvs'rco
342 3159 359 3212 l.
378 3174 399 3211 c.
474 3160 655 3210 contusarum
672 3156 767 3210 rGel.:
789 3155 909 3208 contusa
926 3157 984 3212 Bb.
1058 3157 1109 3210 aut

91 3226 115 3279 si
135 3228 223 3281 alium
243 3230 337 3297 odet,
357 3230 386 3282 et
405 3227 429 3281 si
448 3227 542 3282 oleum
560 3246 586 3283 r:
606 3229 636 3281 et
655 3224 749 3278 salicis
768 3225 803 3280 Β.
925 3232 958 3280 13
978 3230 1007 3282 et
1025 3227 1108 3296 (uol)=

91 3299 141 3350 aut
159 3302 235 3355 codd.
284 3299 370 3370 myrti
384 3301 411 3354 B
423 3299 491 3367 aet,
509 3299 601 3370 myrte
620 3315 643 3365 r,
662 3295 745 3349 mirte
759 3296 775 3350 lt
790 3292 935 3366 (μυρσίνης
953 3301 1107 3368 μελαίνης).

89 3367 178 3437 tepid'
197 3371 377 3426 contineatur
395 3373 418 3426 b.
476 3375 509 3423 14
523 3385 558 3422 ne
572 3368 648 3421 ustio
662 3368 697 3422 rt
710 3367 781 3421 Get:
802 3365 826 3419 si
840 3367 941 3421 nausia
956 3371 992 3424 B.
1032 3374 1064 3424 16
1078 3369 1109 3423 in

88 3454 149 3493 ore:
170 3455 217 3492 ore
237 3442 260 3508 b,
280 3459 324 3496 om
350 3442 466 3497 rBGel.
571 3438 735 3493 contineant
752 3438 863 3492 Buca:
884 3442 1019 3494 -neatur
1037 3443 1061 3496 b.

89 3514 122 3562 16
138 3511 167 3562 et
185 3525 219 3562 ex
233 3510 286 3564 hoc
301 3512 327 3566 d.
343 3529 366 3567 o.
378 3511 497 3580 (calefad
510 3513 535 3578 r)
548 3510 675 3564 rBGel.:
695 3509 724 3561 et
737 3508 790 3562 hoc
805 3507 830 3563 d.
845 3507 915 3562 mire
934 3510 1069 3565 calefacit
1082 3513 1106 3567 b.
