2392 3922
137 167 202 232 392
324 164 603 219 anrmormmu
619 163 727 216 nrum
745 158 952 213 scemenum

136 334 264 414 plentur,
282 338 312 391 et
330 331 366 390 ad
386 332 541 390 sanitatem
555 329 766 408 perducuntur.
789 342 928 386 cerussae
943 322 1070 403 lepides,
1088 339 1149 382 cor·

138 425 212 482 tices
243 421 321 479 roris
357 421 480 499 marini,
517 436 652 496 spumam
683 417 800 496 argenti
831 414 936 492 aequis
968 411 1149 491 ponderibus

138 509 238 570 tundis
267 510 299 567 in
326 507 479 586 pulverem
501 506 674 587 delicatum,
703 513 734 566 et
761 523 798 565 ex
825 520 860 563 eo
883 501 1007 582 pulvere
1031 500 1150 561 vulnera

139 597 265 658 curabis
290 599 378 657 etiam
402 614 489 656 omne
513 613 622 674 corpus
645 593 828 674 perfricabis.
852 593 897 652 sic
920 609 1012 652 sanus
1034 590 1096 651 liet

87 684 151 750 168
228 685 276 746 Ad
308 687 425 764 ignem
457 702 604 746 sacrum.
642 701 762 744 caseum
792 680 926 761 mollem,
962 678 1181 740 coriandrums

140 784 219 835 teras
242 781 273 834 et
295 774 378 834 linas.
402 776 511 834 iterum
532 773 666 833 bitumen
685 771 835 833 iudaicam
853 777 884 830 ct
901 775 1019 830 acetum
1042 769 1150 829 bonum

134 852 172 924 'in
195 865 336 924 mortario
360 865 443 943 teris,
466 869 495 922 et
518 862 554 923 de
577 879 674 940 penna
696 860 781 921 linas.

90 951 155 1017 169
233 952 270 1012 Si
298 953 379 1032 quIs
406 950 675 1011 haemorroides
703 951 828 1030 patitur,
862 949 1067 1008 uireasemora
1096 963 1151 1006 non

141 1042 307 1121 manducet,
330 1048 361 1101 et
382 1047 478 1101 cessat
501 1039 592 1099 dolor.

91 1128 155 1194 170
230 1130 326 1190 Item.
360 1137 474 1189 stercus
507 1127 651 1188 bubulum
683 1125 777 1187 calido
810 1143 880 1186 cum
910 1131 995 1185 aceto
1026 1125 1151 1185 mixtum
1163 1146 1182 1183 lt

143 1221 226 1281 linas.
251 1226 280 1279 et
302 1225 383 1297 post,
406 1219 433 1277 si
455 1217 572 1297 laverit,
599 1219 710 1277 iterum
731 1214 816 1275 linas.
844 1221 875 1275 et
903 1231 994 1274 sanus
1017 1213 1152 1273 efficitur.

91 1307 153 1371 171
232 1305 448 1367 Vulneribus
472 1307 645 1386 antiquis,
668 1303 778 1384 quibus
796 1321 883 1364 umor
901 1302 1040 1371 assiduus
1063 1303 1153 1363 medi-

144 1398 272 1456 camenti
298 1396 431 1472 impositi
457 1394 613 1454 beneficiis
641 1393 750 1474 obstat,
777 1393 869 1453 facies
895 1391 961 1452 hoc.
994 1408 1064 1453 cum
1091 1392 1153 1453 albo

144 1486 191 1544 ovi
222 1482 375 1561 pulverem
410 1483 520 1542 sactum
552 1482 646 1543 ulceri
682 1484 839 1562 imponito,
875 1498 970 1560 usque
1004 1480 1040 1542 ad
1075 1499 1154 1542 sana-

144 1574 265 1632 tionem.
1164 1585 1183 1627 n

93 1657 156 1722 172
234 1659 282 1719 Ad
306 1657 544 1719 furunculum.
568 1658 699 1737 dactylos
722 1666 753 1719 et
776 1676 916 1737 saponem
939 1659 1027 1739 teris,
1050 1666 1083 1719 et
1104 1677 1154 1738 pro

144 1748 351 1828 cataplasmate
376 1745 539 1827 calefacies,
562 1754 593 1808 et
615 1749 753 1826 imponis

93 1835 157 1900 173
233 1836 282 1898 Ad
304 1835 452 1896 vulnera
476 1836 610 1915 pedum.
640 1836 795 1898 heracleae
818 1838 916 1915 carpis
939 1836 1011 1897 folia
1034 1844 1156 1917 septem,

146 1930 224 1989 sicca
250 1928 324 1986 teris
352 1927 436 1985 etin
462 1943 530 1986 vase
558 1924 696 2005 plumbeo
724 1924 836 1986 condis.
869 1931 899 1985 et
928 1944 997 1986 cum
1025 1928 1158 2006 coeperit

145 2035 231 2078 umor
258 2015 307 2075 ille
331 2017 442 2094 curari,
465 2014 617 2093 pulverem
638 2017 703 2075 cius
725 2017 757 2074 in
781 2013 952 2074 vulneribus
977 2017 1108 2097 spargis,
1130 2022 1189 2076 etro

146 2106 182 2165 ad
205 2123 333 2184 pennam
356 2103 453 2164 iricas.
477 2111 507 2164 et
531 2104 627 2164 salvus
651 2104 786 2164 efficitur.

96 2191 161 2257 174
237 2194 284 2253 dd
303 2192 450 2253 vulnera
469 2192 596 2271 pedum
610 2194 685 2252 sive
704 2195 740 2252 in
756 2191 855 2253 tibia.
877 2191 1002 2253 bulbum
1016 2193 1158 2255 liliacium

147 2301 257 2361 coques
281 2300 318 2342 ex
346 2300 421 2359 aqua
449 2280 543 2342 donec
571 2282 659 2342 faciat
682 2300 714 2341 se
742 2282 827 2359 quasi
850 2287 992 2343 cerotum.
1016 2284 1049 2342 in
1072 2283 1159 2344 ollam

147 2389 252 2431 novam
282 2371 376 2429 mittis
407 2369 532 2430 bulbum
560 2378 590 2431 et
618 2372 705 2451 teris,
738 2369 836 2430 oleum
866 2373 1016 2431 rosacium
1048 2373 1159 2433 adicies

148 2461 233 2537 quasi
256 2464 369 2537 ceroto,
392 2465 422 2517 et
444 2458 575 2538 inducis,
598 2467 628 2518 et
649 2461 736 2537 ponis
759 2458 796 2519 ad
823 2457 945 2519 vulnera
972 2466 1090 2522 stercus
1114 2471 1193 2523 cati

146 2548 267 2624 prinum
290 2563 358 2605 cum
382 2548 467 2605 conio
491 2565 599 2606 arsum.
623 2566 691 2607 cum
714 2549 782 2608 vino
806 2549 978 2626 impositum
1002 2553 1160 2628 quamvis

148 2653 164 2694 a
187 2633 312 2693 medicis
335 2633 490 2712 desperata
513 2634 613 2695 ulcera
635 2644 783 2714 persanat.

97 2719 161 2785 175
238 2722 285 2781 ld
310 2720 527 2784 solutionem
549 2724 795 2787 membrorum.
821 2724 880 2785 olei
901 2743 1012 2804 pernae
1036 2726 1161 2788 elixatae

150 2818 205 2928 fil,
228 2847 324 2925 adipis
346 2848 457 2907 taurini
481 2819 500 2924 1)
519 2847 540 2930 l,
563 2850 648 2928 ysopi
671 2852 736 2910 suci
759 2850 905 2929 scripulos
924 2849 992 2932 llll,
1013 2849 1161 2912 medullae

149 2973 284 3032 cervinae
309 2970 455 3050 scripulos
473 2971 510 3032 Vl
529 2975 628 3053 semiS,
651 2972 711 3033 olei
733 2975 848 3053 cyprini
866 2945 924 3055 pl,
947 2993 1032 3036 cerae
1056 2979 1161 3036 uncias
1190 2998 1192 3020 ¹

222 3112 369 3161 leerosaa
388 3106 497 3176 lepidos
518 3109 581 3176 (sic)
600 3107 636 3160 B.
697 3106 908 3161 ocoliendrum
926 3109 963 3162 B.
1036 3114 1161 3164 8emor·

151 3177 246 3232 sdidas
266 3180 328 3248 (sic)
349 3179 385 3232 B.
462 3177 555 3232 uirees
574 3192 668 3232 emora
685 3179 743 3231 non
760 3194 797 3233 m.
813 3177 875 3245 (sio)
894 3178 930 3234 Β.
950 3179 1065 3249 (viridia
1083 3199 1163 3236 more

151 3251 202 3316 ed,
220 3250 268 3318 qui
285 3266 336 3305 oon.
354 3266 411 3303 non
429 3250 488 3303 coll.
504 3266 525 3304 c.
541 3251 616 3318 188).
702 3252 735 3303 18
753 3245 906 3301 Heracleae
925 3252 960 3319 (t)
978 3253 1020 3306 ed.
1040 3254 1164 3322 (propter

151 3319 244 3375 Diosc.
259 3323 285 3386 4,
301 3324 344 3375 33.
363 3321 410 3376 sed
422 3320 458 3387 cf.
468 3325 496 3386 3,
509 3324 550 3375 26
567 3326 592 3374 ct
609 3319 687 3385 infra
696 3335 727 3388 p.
742 3320 821 3386 412):
835 3316 969 3387 Herliaq„
979 3322 1015 3377 Β.
1063 3329 1098 3378 10
1111 3323 1163 3378 hu·

151 3389 381 3460 morille(sic)B.
422 3396 455 3444 22
466 3388 1163 3463 1101001003οω0.-01000001110000000).

152 3463 186 3513 25
197 3463 305 3515 ceroto:
324 3463 420 3515 —ium
429 3462 466 3517 Β.
520 3466 554 3515 26
569 3464 603 3514 cri
617 3458 699 3513 conio
708 3461 737 3514 Β
747 3463 808 3527 (om.
823 3461 885 3528 ed).
936 3467 970 3518 29
985 3462 1115 3534 scripulis
1126 3467 1163 3522 Β.

151 3533 187 3585 30
206 3529 337 3599 scripulis
354 3533 391 3587 Β.
471 3530 562 3586 unciis
580 3530 617 3584 B.
