2392 3922
472 111 741 165 ADDITAMENTA.
1048 109 1113 174 347

85 269 188 322 lutum
206 267 283 336 cyati
306 283 438 322 mensura
456 268 537 338 potui
561 270 642 338 dato,
666 271 726 322 tam
749 268 862 322 mulieri
881 286 967 338 quam
984 269 1058 337 viro,
1085 272 1113 324 εὴ

85 351 208 416 utrique
226 347 394 402 concubent.
809 395 810 398 ,

163 427 207 482 Ut
226 426 319 481 scias
338 426 367 480 si
386 427 510 482 mulier
528 428 710 498 concipere
733 429 859 498 possit,
884 445 968 498 super
989 428 1114 482 malvam

89 506 257 562 silvaticam
269 506 360 561 faciat
373 507 493 576 urinam,
513 511 542 562 et
561 508 585 562 si
599 508 674 562 infra
688 508 815 562 triduum
829 508 911 562 arida
923 508 1002 563 facta
1019 508 1112 576 fuerit,

89 587 167 642 scias
183 603 247 642 eam
256 604 315 641 non
323 602 406 657 posse
417 587 573 657 concipere,
584 588 608 642 si
617 588 718 643 viridis
728 588 822 657 fuerit,
838 588 951 643 omnino
964 588 1112 658 concipiet.
1141 616 1143 646 l

165 667 298 735 siquis
319 669 362 722 ad
380 667 558 722 mulierem
576 666 798 740 non-poterit
815 667 1031 737 praevalere,
1052 668 1113 720 her-

88 748 146 802 bae
162 746 300 817 priapisci
314 747 419 801 radicis
438 746 603 801 testiculum
617 745 747 802 dextrum
764 745 814 814 qui
829 746 920 801 maior
934 750 978 801 est
991 749 1065 801 teres
1085 750 1114 800 et

89 827 198 897 piperis
217 844 308 897 grana
326 826 440 896 XLVII,
464 825 557 880 mellis
576 840 613 887 -2-
625 827 652 880 H
670 827 700 881 in
723 826 789 880 vino
813 826 949 896 resolves,
973 830 1002 882 et
1025 826 1112 881 facies

86 923 215 976 pensum
243 907 298 961 hoc
316 922 367 976 per
385 905 511 960 triduum
529 909 630 961 sumat.

374 1021 407 1077 V.
428 1021 474 1076 De
493 1022 586 1075 lacte
604 1022 835 1090 provocando.
1126 1007 1143 1045 ¹⁴

163 1099 279 1154 Mulieri
301 1099 347 1153 lac
371 1098 411 1153 sic
434 1116 619 1169 provocamus
642 1100 689 1162 vel
710 1101 734 1155 si
758 1118 844 1155 causa
868 1099 906 1155 sit
929 1099 1111 1155 exsiccamus.

90 1180 237 1250 ptisanam
254 1178 410 1234 feniculum
429 1182 458 1234 et
479 1179 614 1249 butyrum
638 1180 722 1234 simul
745 1183 857 1234 coctum
879 1179 970 1235 bibat.
999 1179 1068 1233 item
1087 1179 1112 1233 si

91 1260 118 1315 ei
140 1275 283 1314 mammae
309 1258 498 1313 intumuerint
524 1262 591 1329 post
617 1263 730 1329 partum
758 1276 793 1314 ex
819 1259 996 1314 abundantia
1019 1259 1111 1328 lactis,

91 1338 243 1410 spongiam
266 1355 301 1393 ex
324 1355 412 1408 pusca
437 1338 560 1393 infusam
583 1339 709 1409 impone,
734 1342 784 1393 aut
808 1339 936 1410 dactylos
957 1357 1021 1394 cum
1039 1355 1112 1409 pane

91 1438 125 1476 ex
156 1436 246 1491 pusca
278 1418 369 1474 tritos.
408 1418 433 1472 si
464 1436 531 1474 vero
564 1419 609 1473 lac
646 1419 769 1474 volueris
803 1419 961 1489 exsiccare,
999 1419 1143 1478 alumenu

91 1499 274 1555 coriandrum
295 1497 473 1567 portulacam
499 1500 529 1552 et
557 1498 728 1569 sinopidem,
751 1499 782 1552 in
810 1515 839 1554 se
869 1499 964 1554 omnia
991 1500 1113 1554 contrita

91 1581 213 1650 impone.
243 1578 321 1647 quod
339 1577 364 1631 si
382 1580 476 1632 tumor
494 1578 594 1648 ingens
608 1579 694 1634 fuerit
708 1579 754 1634 vel
773 1579 867 1634 fervor
886 1583 916 1634 ct
935 1579 1015 1635 dolor
1029 1597 1113 1650 gren-

93 1660 136 1714 dis
154 1657 319 1726 advenerit,
338 1661 370 1711 ut
392 1656 510 1726 reliquis
529 1658 687 1713 tumoribus
706 1675 807 1714 censeo
825 1659 964 1714 utendum
985 1659 1047 1713 oleo
1067 1675 1112 1712 oa-

92 1740 150 1794 lido
169 1756 235 1793 cum
253 1754 329 1805 aqua
348 1736 461 1791 adiecto
478 1754 553 1807 pane
567 1738 680 1806 mundo,
700 1740 729 1792 et
743 1738 919 1808 cataplasma
938 1740 988 1790 aut
1003 1736 1111 1791 farinae

91 1817 222 1873 triticeae
251 1819 303 1871 aut
329 1815 407 1870 faeni
438 1816 535 1886 graeci
562 1819 614 1871 aut
638 1817 690 1870 lini
719 1817 833 1872 seminis
863 1816 1032 1871 calefactum
1060 1816 1111 1869 im·
1126 1837 1143 1874 a

90 1898 181 1969 ponis.
201 1900 270 1952 ante
289 1899 386 1951 tamen
405 1896 539 1966 spongias
553 1896 626 1951 bene
640 1896 765 1952 calentes
780 1912 910 1966 expresso
925 1896 1001 1950 omni
1015 1912 1111 1950 umore

92 1977 220 2048 apponis.
248 1978 282 2030 ut
301 1974 382 2029 dolor
400 1975 576 2045 acquiescat,
597 1979 626 2031 et
646 1977 785 2032 cerotario
805 1975 927 2044 simplici
946 1975 1042 2030 uteris.
1069 1976 1111 2029 in-

162 2135 176 2182 1
197 2131 260 2182 tam
279 2125 340 2180 viro
360 2144 385 2194 q.
401 2144 437 2179 m.
453 2144 478 2181 a.
562 2129 592 2182 et
610 2116 669 2196 utq3
688 2128 813 2181 Ecubant
831 2128 860 2182 b:
880 2129 909 2181 et
927 2127 1027 2195 postea
1046 2143 1110 2179 con-

93 2199 228 2253 cumbant
246 2217 273 2254 a.
353 2202 369 2249 3
389 2196 461 2250 scias
481 2216 513 2252 a:
534 2197 607 2252 sciat
626 2201 671 2269 bp.
750 2204 768 2251 4
787 2197 955 2251 salvaticam
975 2199 1036 2264 (sic)
1057 2199 1110 2252 bc:

93 2270 254 2324 silvestrem
271 2288 296 2341 p.
370 2273 387 2320 4
404 2266 483 2321 facta
501 2285 551 2323 om.
570 2287 596 2340 9.
665 2273 681 2321 5
702 2268 774 2322 scias
793 2275 839 2323 etc.
860 2271 911 2324 ba:
931 2284 988 2322 non
1006 2268 1111 2337 poterit

94 2341 241 2411 concipere
260 2359 285 2412 9.
358 2354 456 2420 parere
476 2357 501 2393 a.
593 2339 623 2394 Si
642 2355 708 2395 vero
724 2358 752 2420 p,
772 2339 827 2420 Sed
847 2338 871 2392 si
890 2358 914 2394 a.
998 2338 1111 2392 omnino

93 2430 262 2538 11111
279 2425 434 2605 {fumi
442 2412 555 2549 llll,
566 2429 634 2535 ‘tu
652 2416 682 2552 t
703 2410 732 2464 ⁸¹
751 2411 1001 2551 {titillat
1019 2428 1111 2536 les·

95 2554 212 2612 ÷11c2
232 2569 278 2607 me
308 2569 333 2624 p.
405 2551 524 2606 resolvis
543 2554 568 2621 b,
587 2567 657 2607 —ve
675 2570 700 2622 9.
766 2554 796 2605 et
812 2568 933 2620 pensum
952 2551 998 2606 fac
1015 2571 1040 2624 p.

96 2630 126 2678 10
143 2627 186 2680 sic
203 2627 247 2680 tit.
267 2625 299 2678 ire
317 2623 375 2677 iod.
396 2623 435 2677 ba
449 2624 491 2690 (ie
508 2629 586 2677 texta
599 2625 614 2678 b
629 2624 691 2692 ipso
705 2623 800 2692 primo
818 2624 899 2678 cerba
917 2625 1029 2678 rubrica
1047 2627 1112 2679 scri·

95 2699 220 2763 buntur),
238 2693 304 2749 XVI
322 2694 364 2748 De
382 2692 517 2747 mamillis
537 2692 699 2748 dolentibus
717 2710 742 2765 9.
871 2699 974 2747 10-11
995 2711 1045 2749 om.
1065 2712 1112 2764 cp.

96 2773 125 2820 11
146 2765 290 2821 exieemus
310 2766 334 2820 b.
407 2769 440 2817 12
459 2763 562 2817 bibant
576 2783 601 2819 c.
676 2769 710 2817 14
725 2763 844 2833 spongia
862 2764 894 2816 in
913 2781 987 2832 aqua
1006 2763 1112 2818 suffusa

96 2839 272 2961 supponatur
290 2854 317 2890 a.
390 2851 425 2889 ex
443 2836 470 2889 b:
489 2834 521 2886 in
538 2853 563 2906 9.
619 2851 781 2961 ppponebp
836 2834 1005 2956 aut-tritps
1021 2851 1070 2914 ope.
1085 2853 1110 2904 p.

95 2925 125 2962 ve
157 2927 185 2963 a.
260 2923 326 2960 cum
359 2921 412 2960 ane
431 2922 481 2960 om.
502 2924 526 2959 a.
672 2922 707 2960 ex
747 2923 804 2960 rln
822 2924 847 2960 o.
939 2921 974 2958 vo
987 2921 1061 2958 ueris
1080 2923 1110 2958 a:

95 2978 187 3032 -rint
205 2980 231 3048 b,
249 2976 326 3030 -rit
338 2923 368 3047 lp.
493 2975 620 3030 exiccare
639 2978 667 3031 b:
688 2975 830 3030 desiccare
849 2994 875 3041 α,
896 2975 996 3028 siccari
1013 2993 1039 3045 p.

97 3055 126 3102 16
145 3052 175 3104 et
194 3048 356 3119 sinopidem
375 3049 403 3102 b:
429 3046 558 3115 sinopide
575 3066 601 3118 p,
621 3064 684 3100 cum
703 3046 832 3116 sinopide
851 3065 877 3100 a.
968 3044 1063 3098 omnia
1082 3045 1112 3097 in

96 3137 122 3243 ge
131 3119 291 3246 contrnp‘tap.
331 3123 364 3172 11
372 3117 485 3242 imppne
487 3135 546 3241 pro.
556 3136 581 3188 p.
587 3122 653 3243 0118
664 3120 696 3171 ut
705 3117 736 3171 in
745 3136 766 3243 p)
777 3115 934 3240 tupiorp'bus
949 3117 1016 3238 tpnc
1031 3118 1111 3170 uten-

97 3192 593 3342 caeparia,
623 3202 1045 3329 uapulau-
1059 3191 1111 3337 a

95 3331 167 3388 ticea
187 3335 216 3390 b:
236 3328 330 3386 tritici
343 3348 392 3401 ap.
429 3335 463 3383 20
481 3329 627 3398 fenugreci
641 3348 693 3400 ap,
713 3328 838 3398 fengreci
853 3330 876 3383 b.
932 3333 965 3380 21
986 3328 1111 3397 spongiis

97 3402 121 3459 b.
140 3403 303 3460 calentibus
323 3401 461 3471 expressis
481 3403 544 3469 (cic)
566 3403 634 3471 bap.
727 3406 760 3453 22
779 3402 812 3453 ut
830 3398 856 3453 d.
877 3397 1040 3465 acquiescat
1057 3418 1111 3470 cp:

98 3478 124 3528 et
141 3475 168 3531 d.
187 3474 321 3546 quiescat
340 3474 363 3527 b.
438 3474 466 3526 et
485 3489 508 3526 c.
529 3489 549 3527 s.
569 3471 657 3525 uteris
677 3473 728 3526 bc:
748 3488 798 3526 occ.
817 3488 841 3540 p.
