2392 3922
464 180 732 234 nnnrrnnanrs.
1039 181 1101 246 231

85 337 182 406 ipsam
204 336 323 392 herbam
346 336 463 391 crudam
485 336 584 391 tritam
602 337 706 408 (oum)
724 337 809 392 melle
832 338 983 408 imponito,
1010 340 1107 394 statim

87 418 181 471 sanat.
210 415 282 471 haec
301 418 331 471 st
349 416 444 471 omnia
462 416 580 471 vulnera
599 433 647 471 seu
665 416 740 472 ferro
760 435 808 472 seu
824 435 920 473 morsu
940 436 1042 474 canum
1058 421 1105 475 vel

85 495 240 550 undelibet
262 494 321 551 sint
343 495 421 551 facta
444 499 535 551 sanat.
565 496 666 551 bulbos
685 515 749 552 cum
767 498 851 553 melle
869 501 929 554 tere
949 502 977 554 et
994 500 1107 569 impone

88 579 118 630 et
136 577 241 643 quarto
261 575 308 630 die
327 575 413 631 solve.
450 575 597 631 vulnera
616 594 702 646 quae
720 577 857 633 tardius
877 582 1055 648 sanantur,
1072 596 1107 633 ex

88 655 199 724 optimo
224 666 330 725 sapone
354 658 405 710 aut
428 657 464 710 de
487 655 569 711 urina
587 657 706 712 infantis
728 658 774 713 vel
798 659 834 714 de
858 659 947 714 lixiva
969 660 1048 730 pn'us
1066 660 1107 715 la·
1134 676 1147 716 a

87 739 200 804 ventur,
220 739 250 791 et
269 735 310 790 sic
328 736 505 790 medicamen
522 736 644 806 impone.

162 815 192 871 Si
211 815 275 883 quis
294 815 407 870 clavum
420 815 466 870 vel
484 815 590 870 vitrum
608 816 655 871 vel
674 833 704 870 os
724 816 878 873 calcaverit
895 821 946 872 aut
963 818 994 873 in
1013 819 1107 889 capite

87 897 212 950 fractum
228 911 260 949 os
278 894 413 950 habuerit
435 895 511 964 quod
534 897 660 951 medici
678 897 778 953 tollere
797 915 855 953 non
871 902 998 969 possunt,
1017 900 1063 955 vel
1082 900 1106 953 si

87 977 152 1045 quis
168 976 205 1030 de
219 975 308 1045 grafio
322 974 368 1030 vel
382 991 436 1029 acu
450 975 567 1044 caprina
581 979 631 1031 aut
646 978 681 1032 de
700 976 782 1047 spina
796 978 863 1033 alba
876 981 998 1049 punctus
1012 979 1106 1049 firerit,

88 1056 284 1128 argemoniam
305 1055 405 1111 tritam
428 1073 492 1110 cum
515 1056 640 1126 axungia
662 1057 700 1112 ad
724 1057 819 1112 omnia
841 1058 1032 1129 suprascripta
1055 1058 1146 1116 im-1o

87 1153 170 1206 pone.
199 1136 255 1191 hoc
274 1138 304 1190 et
320 1135 467 1191 vettonica
484 1136 574 1191 herba
592 1135 670 1193 facit.

160 1215 409 1271 Athamanum
428 1217 462 1270 ct
480 1215 601 1271 simiae
619 1233 765 1271 morsum
782 1217 847 1272 mhi
860 1217 931 1272 folia
944 1216 1011 1272 vino
1025 1220 1106 1272 cocta

89 1299 119 1350 et
136 1295 210 1350 trita
228 1295 343 1349 assidue
361 1295 475 1364 impone
494 1295 524 1349 in
543 1295 631 1365 ulcus,
651 1313 751 1351 sanum
764 1296 820 1351 fiet.
854 1297 889 1351 de
908 1313 983 1365 aqua
1000 1296 1106 1367 frigida

88 1375 211 1445 primum
228 1373 345 1445 plagam
362 1377 458 1444 tange,
477 1378 507 1430 et
524 1375 602 1430 dices
620 1392 721 1446 graece
741 1377 1050 1433 «rano-coccoasso
1070 1394 1105 1439 a:

91 1455 731 1525 PQ-COEPOEKYNthfflaO-COEPGJNGOENQ
749 1458 778 1510 et
791 1458 857 1525 post
867 1457 938 1512 haec
947 1459 1035 1512 verba
1049 1473 1105 1512 cm·
1120 1475 1145 1516 15

89 1535 229 1604 plastrum
254 1534 367 1605 impone
390 1535 476 1604 quale
498 1535 629 1592 volueris.
666 1535 784 1590 herbam
801 1536 977 1592 nasturcium
998 1538 1058 1592 tere
1077 1541 1107 1592 et

89 1614 165 1685 (ex)
178 1614 247 1670 vino
260 1614 356 1670 ieiuno
373 1615 455 1685 potui
475 1615 550 1670 dato.
571 1617 600 1670 et
614 1615 705 1685 ipsam
724 1618 872 1670 contusam
889 1615 920 1670 in
937 1616 1039 1671 vulnus
1054 1617 1105 1671 im-

89 1709 175 1763 pone,
201 1709 326 1747 morsum
344 1693 422 1749 canis
441 1693 536 1748 rabidi
555 1711 655 1749 sanare
674 1698 820 1765 expertum
839 1698 890 1751 est.
922 1696 961 1751 fel
979 1697 1106 1750 ursinum

90 1773 172 1828 bibat
189 1789 256 1828 cum
268 1773 308 1827 111
334 1773 426 1828 unciis
445 1790 536 1843 aquae
553 1774 702 1844 pluvialis,
725 1792 783 1829 non
799 1774 879 1844 plus,
898 1777 928 1830 et
950 1774 1052 1830 vulnus
1071 1793 1105 1830 ex

89 1853 152 1922 ipsa
170 1869 248 1922 aqua
265 1852 362 1908 lavato
375 1869 427 1924 per
440 1853 567 1908 triduum
580 1854 668 1909 ternis
682 1854 782 1924 unciis,
802 1854 862 1908 sinc
875 1853 1001 1923 periculo
1020 1854 1105 1910 sanas
1119 1873 1145 1912 ac

88 1933 144 1988 fiet.
169 1932 227 2001 ipsi
245 1935 341 1988 autem
360 1933 424 1988 cani
442 1933 556 1988 rabioso
576 1933 600 1987 si
612 1933 652 1989 fel
666 1934 793 1988 ursinum
806 1933 837 1987 in
849 1933 965 2002 potione
984 1934 1104 2005 dederis,

88 2012 254 2068 remediasti
273 2030 345 2068 eum.
382 2013 460 2068 oanis
483 2030 637 2082 numquam
660 2013 754 2068 rabiet
780 2013 811 2067 in
834 2013 930 2081 domo,
954 2012 978 2066 si
1000 2013 1104 2081 pellem

89 2092 167 2146 canis
185 2092 294 2146 rabiosi
313 2093 365 2148 sub
383 2093 471 2147 limen
489 2093 598 2163 obliges
612 2094 658 2148 vel
677 2093 707 2147 in
720 2095 803 2163 porta
816 2093 895 2160 figas.
929 2091 1104 2146 absinthium

88 2171 119 2226 in
136 2172 204 2226 vino
222 2172 324 2227 tritum
342 2175 472 2242 potatum
490 2173 577 2226 muris
601 2177 631 2227 et
656 2173 753 2227 aranei
771 2188 894 2226 morsum
913 2175 1003 2226 sanat.
1041 2188 1105 2226 coa·

88 2252 189 2322 gulum
207 2252 344 2322 agninum
366 2252 396 2306 in
418 2253 485 2307 vino
504 2253 585 2322 potui
609 2253 686 2308 dato,
714 2255 794 2306 rutae
818 2250 939 2320 agrestis
963 2267 1057 2305 semen
1076 2256 1104 2307 et
1118 2269 1143 2310 25

88 2331 291 2386 aristolochiae
310 2349 402 2401 aequa
419 2349 551 2386 mensura
569 2332 600 2385 iu
617 2332 684 2386 vino
703 2330 773 2385 trita
791 2330 872 2400 potui
892 2331 967 2386 data.

161 2412 385 2482 Spalangionum
409 2416 439 2467 et
462 2429 629 2467 araneorum
651 2428 759 2466 morsus
778 2411 874 2464 fimum
895 2411 1041 2481 caprinum
1058 2412 1104 2467 vel

88 2492 242 2547 cuiuslibet
264 2492 381 2561 pecudis
405 2509 440 2548 ex
463 2495 544 2547 aceto
573 2508 754 2561 conspersum
776 2493 805 2545 et
827 2490 992 2560 impositum
1015 2495 1103 2549 curat.

89 2572 129 2625 sic
149 2571 215 2626 faex
232 2571 294 2625 vini
312 2572 342 2625 in
364 2572 433 2626 lana
450 2571 527 2625 illita
546 2575 575 2625 et
597 2570 731 2640 imposita
749 2570 828 2626 facit.
865 2571 961 2625 fimum
978 2571 1104 2641 gallinae

87 2668 186 2706 recens
206 2668 290 2721 super
308 2651 385 2706 idem
402 2651 504 2706 vulnus
523 2651 680 2719 imponent
694 2649 792 2720 alliga,
811 2652 839 2705 et
857 2649 1009 2705 intervallo
1027 2650 1144 2708 factoro

161 2835 273 2891 ahad
292 2844 339 2890 oia
358 2839 381 2891 b.
463 2836 587 2890 blixiva
606 2838 629 2890 b.
713 2836 868 2891 7Srmbrc
886 2837 995 2904 scripsit
1013 2837 1036 2889 b.
1060 2837 1103 2888 ia-

87 2911 156 2977 ccbat
174 2910 245 2962 enim
265 2909 412 2978 propriam
434 2909 587 2976 capitulam
609 2924 672 2961 rem.
691 2914 789 2962 contra
812 2922 917 2960 morsus
939 2906 1104 2959 animalium

89 2981 187 3034 rorice.
327 2983 343 3032 9
362 2977 546 3032 acrimoniam
564 2980 580 3033 b
595 2977 764 3047 (argimonia
783 2995 828 3046 ap.
847 2977 936 3031 Marc.
956 2977 989 3041 cs.
1008 2975 1102 3028 Dioac.

85 3068 113 3118 p.
129 3054 205 3119 326).
280 3053 313 3102 10
333 3055 377 3104 .s's'.
392 3051 416 3104 b,
491 3055 522 3102 11
542 3048 695 3103 bethonica
714 3050 729 3102 b
748 3049 807 3116 (Pa.
827 3048 905 3101 Plio.
920 3047 1101 3114 p.110‚23).

89 3126 122 3173 12
147 3120 287 3175 Humani.
312 3123 342 3174 et
365 3119 453 3189 symie
475 3124 577 3174 morsu.
597 3119 697 3185 rabi}
715 3121 738 3173 b.
776 3119 911 3185 (rubricae
932 3131 1001 3184 qaae
1018 3115 1104 3181 feccrit

88 3193 188 3246 addidi
205 3190 269 3260 Ad).
343 3197 377 3245 14
396 3189 467 3244 <licis
486 3193 510 3245 b.
585 3195 617 3244 18
636 3191 665 3242 et
683 3188 749 3242 vino
768 3190 792 3243 b.
864 3185 928 3255 ipsa
946 3187 1064 3264 contusa
1079 3186 1102 3238 b.

90 3262 249 3321 19111.÷.
340 3260 469 3330 pluviali.
567 3265 601 3313 20
620 3257 696 3312 unoii
717 3259 779 3326 (cic)
797 3259 821 3312 b.
911 3261 945 3309 22
964 3255 1060 3308 rebrat
1079 3257 1102 3310 b.

90 3337 122 3384 23
142 3332 267 3403 obligas:
289 3331 389 3386 obluas
403 3335 428 3387 b.
483 3337 517 3385 26
536 3327 701 3400 aristologig
721 3344 776 3382 ana
794 3327 824 3380 in
840 3326 907 3381 vino
922 3328 946 3380 b.
1002 3331 1035 3379 27
1049 3326 1103 3378 Pa·
1171 3366 1177 3395 .=

89 3401 282 3472 langiouumb
302 3405 362 3472 (om.
383 3401 507 3458 Slitterc
526 3417 594 3471 qaae
616 3402 728 3454 rubrica
745 3399 888 3454 scribenda
906 3398 963 3464 fait
980 3403 1011 3450 ct
1029 3397 1104 3463 fieret
1174 3412 1177 3449 ;

89 3473 330 3543 Spalangiouum).
438 3473 498 3527 fimi
526 3469 635 3540 caprini
734 3468 877 3539 conspers‘l
904 3471 933 3522 et
958 3467 1061 3537 ipositq
1078 3468 1102 3522 b.

88 3549 121 3598 29
140 3543 202 3597 fim‘)
221 3547 244 3600 b.
319 3543 483 3613 lupid⁰(sic)
498 3546 521 3600 b.
