2392 3922
138 142 204 209 140
453 143 840 197 rnnonosrsmsomnr

138 310 309 371 drachmam
326 309 353 389 l,
382 311 523 388 sagapeni
545 309 588 369 dr.
611 308 638 389 l,
670 309 794 369 storacis
813 308 857 369 dr.
876 307 890 368 l
913 307 1031 387 galbani
1054 308 1099 369 dr.
1118 309 1159 371 11.

137 401 236 458 omnia
263 399 390 459 contrita
418 398 474 458 fico
503 396 710 458 commiscetis
738 404 768 458 et
798 398 893 458 uteris
926 415 980 476 pro
1008 396 1156 476 cataplas-

135 493 214 546 mate
237 485 450 564 praecalelacto
471 488 560 565 capiti
578 492 647 565 post
670 503 805 546 rasuram
823 483 1005 562 novaculae]
1040 492 1072 546 et
1094 486 1159 547 fre-.

137 576 277 652 quentius
294 576 391 634 etiam
414 577 613 652 sanguisugas
632 573 775 652 applicari
798 575 961 635 conveniet.

78 663 125 728 46
225 669 255 723 at
278 681 332 742 ego
355 664 387 723 in
410 663 467 724 hoc
486 663 591 723 ordine
615 681 703 723 curae
727 663 817 723 etiam
836 661 910 742 cycli
928 661 1074 723 beneficia
1092 680 1157 723 non

109 769 121 809 s
136 750 319 829 aspernabor
337 754 436 812 omnia
454 769 548 830 paene
567 757 682 812 vetusta
704 752 772 811 vitia
791 752 988 832 percurantis,
1007 753 1034 810 si
1052 757 1156 811 tamen

136 847 219 900 recto
244 840 348 900 ordine
371 848 538 921 peragatur,
560 847 595 901 ut
616 841 728 900 ieiunia
750 841 782 899 in
805 846 939 918 tempore
962 841 1092 900 vomitus
1116 856 1156 900 ex

135 927 297 1009 radicibus,
320 927 405 990 salsis
429 928 587 1008 aliquando
611 930 774 1008 perceptis,
796 929 973 1009 paroptesis,
996 927 1156 1008 dropaces,

136 1018 292 1096 sinapismi
320 1018 483 1078 secundum
506 1036 595 1078 usum
623 1026 653 1077 et
682 1018 888 1077 auctoritatem
910 1023 1046 1076 veterum
1069 1016 1155 1077 adhi-

96 1122 122 1162 10
134 1103 277 1187 beantur,
304 1105 441 1167 omnibus
465 1112 594 1166 attamen
617 1107 746 1184 propriis
773 1103 960 1185 temporibus
984 1105 1155 1184 custoditis,

136 1193 272 1255 ciborum
308 1211 426 1272 quoque
465 1194 657 1272 qualitatibus
694 1201 725 1254 et
760 1193 943 1272 ponderibus
979 1193 1156 1254 moderatis

134 1282 220 1343 utilia
242 1291 342 1343 mmen
365 1300 431 1342 esse
455 1283 565 1342 suadeo
594 1284 685 1342 etiam
707 1300 851 1360 aquarum
879 1281 1041 1342 calidarum
1065 1289 1153 1341 natu-

134 1369 243 1431 ralium
264 1370 417 1430 beneficia.
462 1378 582 1449 peracto
611 1373 703 1449 igitur
731 1369 812 1449 cyclo
840 1370 933 1449 aliqui
959 1371 1045 1430 ieran
1068 1370 1153 1430 adhi-

134 1458 265 1519 buerunt
297 1477 385 1538 quam
413 1457 518 1519 Graeci
548 1461 652 1538 picran
685 1457 918 1540 appellaverunt,
947 1457 1041 1538 aliqui
1073 1466 1152 1519 arte-

95 1563 121 1604 15
134 1548 306 1628 riotomian,
330 1547 422 1626 aliqui
445 1549 535 1607 etiam
558 1554 708 1628 cauteres,
734 1554 768 1607 ut
791 1566 827 1608 ex
854 1547 901 1606 his
930 1547 1068 1607 omnibus
1100 1547 1151 1607 ad-

133 1634 236 1696 hibitis
260 1637 428 1697 confortent
446 1636 682 1715 supradictarum
701 1654 857 1696 causarum
880 1637 1038 1696 sanitatem
1056 1635 1152 1696 fuisse

133 1718 251 1803 plenam
274 1727 365 1803 capiti
386 1724 585 1805 reformatam,
607 1743 645 1785 ne
664 1725 812 1785 variarum
830 1742 970 1785 curarum
988 1723 1036 1784 vel
1058 1724 1152 1784 hene·

133 1813 270 1873 liciorum
289 1815 395 1874 merita
414 1813 612 1874 confutentur.

206 1953 220 2000 1
240 1946 371 2018 sagapini
387 1948 460 2004 er.
557 1948 637 2012 3ba'e
654 1948 755 2018 abique
772 1922 894 2002 cameris
912 1946 976 2002 add.
994 1965 1011 2002 r
1027 1949 1090 2070 qom.
1100 1947 1150 2016 Β),

131 2028 170 2100 ἦ
183 2021 267 2087 (nnc.)
286 2019 350 2100 add.
370 2020 421 2101 b..
503 2018 607 2073 atrita
624 2019 660 2074 Β.
768 2018 820 2072 fico
840 2016 966 2071 comissis
985 2035 1028 2098 a·
1048 2023 1082 2072 cri
1102 2023 1147 2072 co-

131 2089 488 2241 fttiifatfaflffit
502 2089 858 2231 imitabili,
872 2089 1150 2240 additioni?

131 2235 148 2282 3
167 2232 256 2300 capiti
273 2231 314 2287 B:
333 2232 427 2301 capite
449 2250 471 2288 a.
561 2231 717 2286 novaculae
735 2229 899 2285 inferiorum
916 2231 1042 2301 pastum
1059 2229 1147 2284 femo-

130 2317 245 2357 rum...
260 2302 360 2370 rB(cf.
379 2319 467 2370 supra
484 2303 565 2383 adp.
580 2307 643 2370 145,
657 2304 693 2372 9).
783 2303 848 2354 tet
865 2299 1040 2370 frequentius
1059 2298 1148 2354 etiam

131 2373 181 2439 (sic
190 2374 227 2442 B,
242 2371 288 2426 cui
302 2372 389 2426 etiam
402 2372 577 2441 frequentrns
591 2376 616 2442 r)
632 2390 653 2428 s.
669 2373 743 2443 appi.
760 2371 907 2428 conveniet
920 2372 979 2428 rB:
999 2388 1050 2428 om.
1061 2373 1077 2427 b
1087 2373 1149 2442 (abi

129 2443 224 2498 statim
241 2459 292 2512 seq.
331 2442 467 2497 Omnibus
486 2445 612 2498 attamen
629 2444 758 2514 proprius
780 2442 954 2514 temporibus
972 2448 1019 2498 etc.
1039 2443 1151 2513 (ordine

130 2513 261 2582 contuso).
335 2519 352 2566 4
371 2513 444 2583 cycli
457 2513 594 2568 beneficia
608 2516 653 2583 (so.
667 2516 835 2584 methodica:
854 2516 889 2582 cs.
906 2514 976 2570 Geel.
995 2514 1050 2568 cler.
1065 2518 1094 2580 1,
1106 2518 1150 2569 29

125 2599 156 2654 p.
172 2587 308 2639 578-80.
410 2589 425 2637 6
444 2587 625 2656 perennantes
643 2585 694 2641 rB.
794 2591 811 2639 8
829 2583 972 2639 radicibus
991 2582 1075 2638 salsis
1094 2583 1148 2638 ali-

129 2687 242 2758 quando
261 2690 404 2761 perceptio
422 2692 479 2747 rB:
498 2690 650 2746 radicibus.
670 2692 699 2745 et
716 2691 768 2746 cal'
788 2668 824 2761 ab
841 2693 943 2762 potata
961 2693 985 2746 b.
1085 2696 1101 2744 9
1122 2689 1149 2744 si

128 2760 304 2883 qsecundum)
322 2763 388 2817 add.
406 2763 472 2832 r(at
490 2763 518 2831 b,
541 2764 591 2818 abi
607 2764 648 2818 sa'c
665 2761 725 2817 Hoc
743 2762 838 2817 omnia
855 2778 990 2833 prospera
1008 2763 1037 2815 et
1054 2760 1147 2815 mani·

142 2832 204 2887 esta
223 2832 296 2885 sunt.
319 2833 344 2886 si
367 2833 522 2887 secundum
539 2850 636 2890 usum.
649 2875 655 2889 .
667 2835 692 2903 .).
784 2839 818 2887 10
832 2833 961 2888 omnibus
980 2849 1030 2897 ora.
1048 2849 1072 2887 r.

132 2907 165 2956 ia
194 2904 321 2957 attamen
341 2921 366 2964 r.
487 2909 520 2956 13
547 2903 620 2958 iram
644 2904 688 2974 Β,
716 2919 862 2974 garama,
890 2920 958 2972 yera
981 2905 1005 2959 b.
1111 2908 1147 2956 14

129 2972 208 3087 grepi
230 2972 341 3044 picran:
369 2973 456 3028 ceteri
478 2973 544 3044 pica
558 2977 618 3045 (sic)
636 2975 677 3043 Β,
700 2973 787 3028 ceteri
806 2973 916 3043 pigram
938 2992 955 3030 r
978 2974 1023 3045 (et
1043 2976 1148 3044 postea

128 3083 242 3151 pigro).
276 3091 280 3098 ’
329 3084 363 3133 14
381 3079 614 3135 arthesiotomian
632 3083 696 3151 (-a
708 3082 734 3148 r)
747 3080 800 3149 rB,
819 3078 962 3133 ortheroto
980 3079 1100 3134 tomiam
1119 3082 1143 3138 b.

129 3156 164 3205 15
183 3153 217 3206 ut
234 3167 269 3206 ex
286 3169 314 3207 r:
333 3151 365 3204 ut
383 3153 408 3220 b,
426 3152 456 3204 et
473 3153 509 3206 Β.
608 3157 641 3205 16
660 3149 818 3205 confortent
836 3151 895 3219 (sic)
914 3151 949 3218 B,
969 3151 1112 3205 confortet
1128 3170 1145 3207 r

128 3222 307 3290 (confirmant
324 3223 357 3293 b).
492 3222 644 3276 sanitatem
662 3220 762 3276 fuisset
779 3220 864 3290 plena
882 3221 972 3290 capiti
989 3221 1147 3276 reformata

126 3291 274 3348 variarum
290 3293 528 3363 etc.(sic)r(baac
544 3297 692 3348 o.15-18
709 3294 748 3346 sa'c
766 3292 904 3347 contrabit
922 3294 950 3347 b:
969 3293 1002 3345 nt
1019 3291 1064 3345 his
1085 3309 1146 3346 om·

126 3362 213 3418 nibus
232 3363 368 3419 adhibitis
390 3379 426 3418 ne
449 3361 648 3430 beneficiorum
670 3361 772 3416 marita
797 3361 1012 3417 confundantur.
1043 3365 1145 3417 confir-

125 3435 208 3488 mant
227 3435 334 3505 capitis¹
348 3434 517 3505 sanitatem).
573 3438 605 3487 18
621 3433 800 3487 confutentur
812 3451 840 3489 r:
860 3433 1096 3488 confunderentur
1105 3437 1145 3505 B,

124 3506 270 3563 —returr
288 3505 505 3578 (confundantur
523 3506 557 3575 b).
