2392 3922
410 122 462 175 nn
480 122 638 174 sananim
655 122 841 176 sanmoms.
1065 122 1130 187 409

120 281 148 333 ct
168 278 286 334 siccant.
311 272 425 333 faciunt
447 278 485 332 ad
503 280 616 333 umecta
640 278 759 334 vulnera
784 281 814 334 et
833 279 979 335 cicatrices
1003 280 1132 336 difficiles

119 357 228 427 iuvant,
252 357 391 426 quoniam
412 356 527 411 virtutis
547 357 686 426 stypticae
705 361 778 414 sunt.
800 361 829 413 et
848 359 885 413 ad
903 376 1002 414 renum
1022 360 1132 430 lapides

119 437 233 507 faciunt,
252 436 374 493 vulnera
392 453 504 506 qnoque
522 434 621 509 <oris>
641 439 749 491 curant.

80 521 105 570 tt
185 517 339 586 Daucns,
371 515 422 585 qui
448 519 628 585 nuncupatur
652 517 816 587 pastinaca,
847 519 982 574 virtutem
1010 519 1134 574 calidam

119 595 204 651 babet
221 595 295 670 (et)
314 597 459 651 extenuat.
478 596 560 650 radix
573 612 639 651 vero
658 595 718 650 eius
737 598 940 653 ventositatem
958 599 1030 654 facit
1048 603 1077 654 et
1096 600 1134 654 ad
1160 616 1168 656 ε

118 690 248 731 venerem
264 678 412 745 provocat.
432 691 526 730 semen
544 675 642 743 itaque
661 675 758 745 ipsius,
777 676 867 731 idest
885 677 1042 747 domestici,
1057 679 1134 732 idem

119 754 187 810 lacit
204 755 283 824 quod
300 755 397 824 radix,
421 755 542 826 agrestis
564 771 631 810 vero
650 755 764 810 omnino
783 759 813 811 et
830 757 1032 812 ventositatem
1051 761 1134 812 sanat

120 837 148 889 et
164 834 280 889 urinam
295 837 435 905 provocat
453 837 482 889 et
498 837 663 905 menstrua„

78 919 104 967 46
186 913 408 969 Dictamnum
426 913 551 968 calidum
569 917 614 969 est
631 906 661 969 et
684 917 819 970 extenuat
840 931 951 970 umores
974 916 1064 971 veluti
1081 935 1133 986 pu-

119 992 213 1049 leium.
1147 1011 1168 1050 1c

77 1076 103 1125 47
186 1072 353 1143 Difryges
371 1072 479 1128 mixtae
497 1072 612 1128 virtutis
631 1075 675 1127 est
697 1073 728 1126 id
746 1075 791 1128 est
813 1073 924 1128 calidae
948 1076 978 1128 ct
1002 1074 1131 1145 frigidae.

119 1154 161 1206 est
178 1152 257 1207 enim
274 1154 305 1207 et
323 1152 478 1221 stypticum
496 1154 526 1207 et
544 1169 616 1207 acre.
640 1152 746 1207 idcirco
769 1155 799 1207 et
822 1152 999 1207 difficillimis
1023 1157 1052 1209 et
1074 1171 1133 1209 ma·

117 1230 204 1302 lignis
221 1230 389 1286 vulneribus
407 1233 452 1287 est
468 1232 646 1287 medicamen
664 1232 810 1302 optimum.

76 1314 102 1364 48
186 1309 333 1366 Dactuli
346 1310 459 1365 calidae
471 1309 587 1364 virtutis
602 1312 676 1379 sunt,
695 1313 725 1364 et
738 1310 866 1380 impositi
879 1311 944 1366 triti
958 1308 1134 1367 stomachum

118 1389 281 1444 confortant
299 1389 349 1458 qui
367 1389 463 1444 cibum
480 1389 587 1444 reiciet.
1147 1407 1168 1446 rs

75 1472 103 1521 49
186 1467 333 1524 Elebori
350 1468 460 1522 habent
476 1468 613 1524 virtutem
635 1468 771 1540 calidam,
795 1474 825 1525 et
848 1474 999 1542 extergimt
1016 1488 1133 1540 umorss,

117 1553 146 1604 et
162 1548 276 1604 faciunt
293 1548 332 1603 ad
353 1547 506 1619 lentigines
530 1551 561 1604 et
583 1549 695 1604 scabies
714 1552 744 1604 et
766 1549 955 1620 impetigines.
978 1551 1060 1620 niger
1078 1551 1135 1606 ele·

116 1629 202 1684 boras
221 1627 340 1697 syringa
358 1629 505 1698 extenuat,
524 1631 555 1683 et
574 1629 612 1683 ad
631 1629 759 1684 dentium
776 1628 930 1700 (dolores)
948 1630 1019 1684 facit
1038 1633 1133 1685 coctus

117 1708 147 1763 in
163 1710 257 1777 aceto,
275 1707 319 1761 ita
336 1709 370 1761 ut
387 1706 481 1776 ipsum
499 1712 611 1764 acetum
629 1708 660 1764 in
678 1726 726 1764 ore
748 1711 853 1764 teneat.
874 1710 1034 1764 eleborus
1053 1726 1132 1764 vero

116 1789 216 1858 niger
228 1802 380 1842 umorem
393 1786 528 1857 nigrum
542 1789 688 1859 deponit
700 1805 760 1858 per
773 1791 943 1857 ventrem,
958 1789 1059 1842 albus
1072 1805 1132 1858 per
1146 1806 1168 1844 ac

116 1866 284 1922 vomitum
301 1869 429 1937 purgat
446 1866 557 1937 ipsum
575 1883 725 1923 umorem
742 1866 1038 1922 melancholicum.

77 1958 104 2007 td
184 1953 350 2025 Erpyllus
372 1955 404 2010 in
425 1957 538 2010 tantum
561 1955 672 2010 calidae
691 1955 805 2011 virtutis
828 1957 872 2009 est
890 1956 923 2008 ut
941 1958 1133 2010 etmcnstrua

118 2038 145 2090 et
161 2035 277 2089 urinam
294 2037 437 2105 provocet.

78 2127 103 2176 tl
185 2122 418 2194 Eupatorium
435 2123 524 2179 herba
543 2125 679 2178 extenuat
697 2126 727 2196 et
746 2123 885 2194 dispergit
897 2140 1016 2192 umores,
1035 2123 1131 2178 urinas

117 2242 332 2252 *-

185 2323 205 2371 4
232 2317 330 2373 Simon
351 2333 372 2372 s.
402 2316 532 2372 Statilino
563 2334 653 2388 grece.
682 2317 767 2372 Theo.
795 2316 865 2373 Pris.
894 2320 938 2372 est
963 2317 1133 2387 pastinaoha

118 2387 237 2458 agrestis
258 2396 345 2456 quam
361 2387 446 2442 multi
465 2404 544 2443 ceras
563 2389 669 2443 dicunt.

184 2459 253 2514 odd.
277 2458 375 2514 &mon
392 2476 412 2514 s.
437 2458 529 2514 Geras.
554 2459 718 2513 Theodorus
736 2457 897 2512 Priscianus
920 2459 995 2514 libro
1014 2461 1049 2516 de
1068 2460 1135 2515 sim·

116 2528 183 2598 plici
201 2527 348 2583 medicina
366 2528 407 2583 sic
424 2532 544 2585 vocatur
562 2546 580 2583 a
597 2528 694 2583 multis
718 2528 875 2598 staphilina
898 2531 1018 2601 agrestis
1042 2533 1073 2586 id
1091 2536 1135 2588 est

117 2599 268 2669 pastinaca
287 2601 334 2669 (cf.
353 2601 448 2657 Diosc.
464 2605 490 2669 3,
506 2604 551 2657 52.
570 2600 618 2656 Ps.
637 2600 723 2670 Apul.
742 2601 774 2654 de
792 2601 882 2655 herbis
900 2617 922 2656 c.
942 2607 1001 2671 80).

185 2774 336 2832 lfacitG.
391 2775 567 2831 2iubantG.
619 2776 731 2845 stiptice
747 2777 835 2832 estG.
873 2778 911 2831 ad
928 2794 1009 2833 renes
1023 2778 1132 2846 lapides

115 2845 184 2903 facit
195 2846 229 2903 G.
269 2845 503 2903 asmodaeus.
545 2849 626 2900 curat
637 2847 670 2901 G.
706 2846 928 2903 4bastinacaG.
970 2850 1084 2902 tetam.
1098 2849 1130 2904 G.

116 2921 280 2973 eventrem
300 2917 334 2973 G.
407 2917 496 2974 idem:
516 2917 547 2971 id
563 2917 596 2972 G,
671 2917 794 2985 tqucd:
813 2935 869 2986 quo
891 2919 923 2972 G.
997 2917 1077 2971 orina
1098 2919 1131 2973 G.

116 2988 229 3043 tvelut
248 2987 407 3058 ipolegium
427 2988 459 3043 θ.
551 2994 585 3041 13
605 2987 743 3042 obtimum
764 2989 796 3043 G.
902 2994 936 3041 14
954 2987 996 3040 De
1015 2986 1131 3042 dactali.

114 3058 228 3114 Dactali
245 3058 704 3129 G(Gaz.X11,-151.cf.0rtu).
776 3057 894 3128 inpositi
911 3059 943 3111 G.
1019 3063 1051 3109 15
1067 3074 1131 3112 con·

114 3128 222 3184 fortans
242 3147 269 3198 q.
289 3146 313 3185 c.
332 3128 453 3184 reiciens
474 3129 500 3185 G
519 3131 566 3198 (cf.
588 3130 638 3184 Tb.
657 3131 689 3183 da
708 3130 821 3198 diaeta).
908 3134 942 3182 16
960 3127 1002 3180 Dc
1021 3127 1130 3183 eliberi.

114 3200 247 3256 Eliboros
261 3200 326 3255 ab&
341 3199 375 3255 θ.
432 3206 465 3253 11
481 3199 591 3254 scabies
605 3202 635 3254 et
647 3198 819 3269 inpetigines
836 3200 868 3255 G.
925 3203 958 3251 18
974 3196 1080 3266 airinga
1097 3199 1130 3252 G.

182 3270 317 3328 dentium
335 3273 397 3342 (ora.
417 3269 538 3341 dolores)
558 3271 584 3325 G
604 3272 649 3338 (cf.
673 3270 767 3338 Orat).
901 3274 936 3323 10
954 3268 1070 3321 humore
1089 3268 1132 3322 ni-
1160 3296 1164 3303 ·

113 3359 193 3412 gum
212 3342 249 3398 G.
325 3341 446 3397 'vomica
466 3340 499 3395 G.
604 3346 638 3395 11
656 3341 699 3394 De
717 3340 824 3408 erpillo.
843 3338 968 3408 Erpillus
989 3338 1022 3393 G.
1102 3339 1133 3392 in

113 3415 226 3469 tantum
243 3415 330 3469 mm
350 3413 397 3468 Or.
419 3413 497 3482 (quio
516 3412 556 3475 εἰς
572 3419 707 3466 τοσοῦτον
728 3411 811 3478 Gal).
867 3415 902 3463 18
920 3408 1050 3463 horinum
1067 3426 1132 3478 pro·

113 3487 195 3541 vocat
213 3485 281 3555 (sic)
302 3484 337 3539 G.
406 3488 448 3536 ,14
465 3481 534 3538 erba
554 3483 587 3537 G.
660 3482 686 3536 d.
705 3481 836 3534 humores
854 3479 971 3535 hurinas
989 3498 1015 3549 q.
1038 3480 1071 3534 G.
