2392 3922
532 176 695 229 LOGIOUS.
1054 174 1120 240 167

84 354 165 399 rerem
185 354 349 422 aspergo,
378 339 460 401 dabo
485 339 622 401 similiter
644 340 774 420 amylum
796 341 909 421 tritum,
934 339 1009 400 dabo
1033 359 1119 402 reum

86 427 233 506 pontieunu
290 428 382 490 dabo
413 431 505 491 etiam
532 448 600 490 cnm
628 431 708 490 sucis
737 427 898 489 herbarum
925 431 1119 508 stypticarum

87 532 148 595 quus
168 518 330 595 superius
355 519 605 598 memoravimus,
633 516 716 577 cibos
743 534 813 577 vero
842 518 984 596 styptieos
1008 526 1059 578 aut
1082 538 1118 580 ex

90 620 164 683 oryza
186 610 243 665 aut
268 624 314 666 ex
338 605 427 667 lente
450 606 498 667 vel
521 607 601 667 sucis
628 623 744 687 earum,
774 607 806 665 in
834 605 942 684 quibus
964 605 1015 667 illa
1038 615 1117 687 styp-

91 694 139 753 tica
159 694 395 773 consequenda
419 701 515 755 erunt
556 694 632 754 dabo
654 696 769 755 interea
790 692 868 754 mala
887 694 1019 776 cydonia,
1042 696 1117 757 dabo
1144 711 1150 750 r

92 779 254 863 thebaicus,
268 782 367 844 sorba
383 801 503 863 quoque
517 790 547 844 et
560 789 723 864 castaneas,
740 781 787 842 vel
801 800 905 843 eorum
919 783 1117 846 decoctiones.

92 868 132 930 his
153 872 252 931 etiam
278 871 333 931 dia
361 871 471 932 codion
494 872 631 932 convenit
658 873 690 931 in
717 877 837 932 noctem
858 874 1003 951 accipere.
1049 892 1117 934 nam

92 966 119 1019 et
138 958 333 1038 epithemata
354 962 481 1039 styptica
499 961 687 1040 conveniunt,
705 966 740 1020 ut
758 966 804 1020 est
827 967 877 1020 aut
896 960 943 1020 dia
957 963 1049 1021 ‘iteon
1068 970 1118 1022 ant

92 1046 137 1108 dia
157 1047 320 1129 foenicou,
343 1056 396 1110 aut
419 1057 500 1110 certe
522 1048 648 1109 barbara
671 1066 746 1126 quae
769 1048 805 1109 de
830 1047 977 1109 bitumine
1000 1049 1116 1110 iudaico

91 1137 263 1197 conficitur.
1130 1152 1150 1190 r<

180 1242 256 1286 cum
281 1223 320 1285 de
343 1224 465 1286 thorace
488 1225 655 1306 emiserint,
686 1225 765 1304 quod
788 1224 914 1285 sollicite
936 1226 1116 1286 visitandum
1126 1223 1150 1287 6⁴

92 1322 150 1394 est,
178 1315 286 1393 primo
315 1312 493 1374 flebotomus
521 1312 706 1374 adhibendus
734 1319 792 1394 est,
820 1319 850 1374 et
878 1312 938 1373 cibi
961 1314 1117 1375 ordinandi

92 1410 162 1462 sunt
181 1403 373 1482 superiores,
397 1403 450 1480 qui
470 1401 506 1462 de
525 1401 675 1462 stomacho
694 1401 873 1462 iactantibus
891 1403 1020 1463 ordinati
1038 1412 1116 1465 sunt.

92 1509 200 1551 eorum
224 1508 300 1551 vero
323 1489 465 1551 articulos
487 1489 533 1550 vel
555 1497 688 1551 extrema
715 1490 861 1551 femorum
883 1491 1014 1552 fasciolis
1037 1510 1116 1553 com-

92 1586 238 1658 petenter
269 1580 417 1659 astringo,
444 1580 598 1658 spongiam
627 1597 698 1638 vero
725 1597 817 1658 pusca
848 1579 956 1658 frigida
987 1581 1116 1642 infusam
1130 1594 1150 1633 12

92 1667 230 1728 thoracis
249 1666 387 1746 partibus
405 1666 501 1728 adhuc
514 1666 679 1728 calentibus
697 1669 917 1746 superimpono.
954 1670 1115 1730 imminebo

93 1755 164 1817 huic
192 1755 347 1816 adiutorio
375 1754 481 1816 diebus
495 1762 497 1769 '
512 1757 662 1816 continuis
689 1756 821 1834 quinque
849 1756 1033 1836 frequentius
1060 1761 1116 1819 im-

93 1843 251 1906 mutando.
291 1850 359 1922 post
377 1861 447 1904 vero
467 1843 635 1922 emplastris
657 1845 702 1904 uti
720 1862 775 1904 nos
799 1846 954 1906 conveniet
977 1850 1115 1925 superins

92 1933 245 1993 ordinatis
269 1931 307 1992 de
326 1931 478 1992 stomacho
500 1932 692 2013 iactantibus,
720 1950 810 2010 super
833 1952 908 2012 quae
931 1935 1114 1994 commodius

93 2020 176 2081 lanas
212 2019 334 2080 sucidas
368 2022 638 2099 superimponimus
670 2019 735 2080 oleo
772 2039 889 2100 quoque
922 2028 1036 2081 murteo
1069 2022 1115 2082 rel
1129 2036 1150 2074 2(

92 2109 259 2169 lentiscino
284 2111 377 2168 mixto
396 2127 464 2169 cum
487 2116 577 2170 aceto.
616 2111 643 2169 si
664 2109 712 2169 his
731 2108 869 2169 adhibitis
893 2112 1045 2187 sanguinis
1065 2112 1114 2170 ad-

165 2268 183 2315 2
204 2259 403 2330 reuponticum
421 2260 454 2329 V,
471 2260 666 2331 reuponticum
683 2261 756 2316 er.
830 2277 893 2313 cum
912 2259 984 2314 sucis
1003 2262 1113 2318 rVBb:

91 2349 175 2387 sucos
188 2333 251 2388 Get.
311 2337 327 2385 3
343 2330 527 2401 stipticosrb:
546 2331 662 2400 tipticos
672 2333 708 2400 Β,
718 2330 876 2402 tip[0]tieus
888 2333 919 2387 V.
978 2337 1113 2389 tearum:

90 2421 193 2458 eorum
213 2403 314 2457 rVBb
326 2403 384 2458 ner.
508 2403 708 2470 concoquenda
725 2403 847 2459 rVGel.:
867 2403 1013 2471 coquenda
1031 2406 1058 2459 B
1069 2408 1114 2475 (b).

91 2476 209 2529 terunt
218 2475 256 2528 rb
268 2474 326 2529 oet.
338 2475 414 2542 (—ei
424 2474 462 2540 b):
478 2475 559 2527 erant
573 2474 637 2528 VB.
683 2472 804 2526 interea:
814 2472 936 2527 interam
945 2476 978 2530 V,
1023 2482 1038 2529 6
1053 2477 1111 2549 thel

90 2545 195 2599 ibacor
216 2544 267 2613 (sie
285 2546 360 2599 circa
378 2545 459 2611 finem
476 2561 569 2600 uersus
586 2546 708 2614 eternae)
731 2544 799 2611 VB,
823 2544 969 2600 thebaieos
989 2548 1047 2603 nez.
1068 2551 1114 2618 (cf.

89 2617 190 2671 Diocc.
207 2633 239 2684 p.
255 2618 353 2682 250,3
371 2615 473 2684 Lepet:
491 2612 637 2669 thebaicos
656 2613 815 2684 (thebaidos
833 2617 858 2684 r)
878 2615 998 2672 dactilos
1017 2621 1060 2675 rb.

89 2687 180 2740 sorba
201 2685 277 2754 er,
297 2700 383 2754 eurpa
405 2685 537 2755 V(sorpa
560 2686 620 2754 V0).
728 2700 824 2738 eorum
841 2687 960 2744 renen
980 2706 1059 2743 orum
1083 2692 1115 2759 V,

89 2757 198 2811 horum
217 2756 254 2810 B.
360 2759 505 2810 inoetem
524 2757 596 2812 Gela
616 2757 678 2808 -te
696 2756 802 2811 rVBb.
894 2759 1114 2829 Sepithemata:

89 2825 288 2898 epithematia
309 2844 337 2895 r,
365 2825 491 2880 &himtia
513 2829 545 2881 tn
566 2843 620 2881 ras.
650 2826 681 2894 V,
710 2825 857 2907 eligmatia
882 2831 926 2898 (ece
948 2831 1068 2897 conieci.)
1087 2832 1115 2884 B

89 2898 237 2980 (epytima
252 2899 285 2966 b).
337 2896 463 2951 diaiteon
477 2914 501 2952 a.
517 2895 678 2950 diafenicon
690 2915 713 2965 r,
733 2897 855 2952 draueon
869 2900 920 2952 aut
933 2898 1085 2952 diafinicon
1099 2902 1115 2954 b

88 2971 153 3039 (dra
172 2969 265 3023 theon
283 2983 308 3022 a.
328 2967 535 3036 diaphoenicon
554 2969 637 3036 Geli:
657 2966 773 3021 diateon
792 2970 842 3022 aut
860 2969 969 3022 aetieon
991 2969 1055 3024 VB,

91 3047 126 3094 11
143 3057 212 3094 eum
226 3038 256 3092 B
265 3042 341 3108 (cnm
354 3054 421 3092 vero
435 3040 494 3107 rb):
514 3055 564 3093 om.
579 3039 610 3093 V.
666 3038 793 3092 amiserit
807 3040 839 3107 V,
854 3038 997 3093 emiserint
1010 3056 1026 3092 r·
1039 3040 1114 3107 (san-

89 3112 213 3182 gninem
232 3107 378 3163 emiserint
396 3110 435 3176 ωε
455 3107 600 3162 emerserit
612 3110 640 3162 B
652 3109 710 3164 net.
767 3115 799 3162 12
818 3111 863 3162 eet
876 3110 965 3164 VBb:
985 3106 1039 3162 erit
1055 3110 1113 3164 eet

89 3182 188 3253 primo
206 3181 307 3236 ridet:
326 3179 449 3249 primum
466 3181 531 3248 (bic)
554 3180 639 3235 VBb.
700 3180 866 3234 flebotomus
884 3181 925 3235 B:
943 3179 1114 3232 flebothomr'r

90 3253 240 3322 ruwet),
264 3249 490 3304 flemorthomum
509 3252 584 3320 (sici)
599 3250 626 3304 V
641 3251 698 3318 (sed
717 3249 893 3304 adhibendus
917 3249 1006 3316 VBb‚
1030 3266 1114 3302 -um

92 3325 200 3391 rGel.).
295 3325 328 3374 13
348 3320 608 3390 superiores-sunt
625 3322 689 3376 add.
708 3321 792 3376 rGel.
807 3321 845 3388 (b,
864 3321 923 3373 uisi
939 3321 1011 3386 qnod
1028 3321 1073 3374 bic
1092 3337 1112 3373 s.

93 3411 167 3462 quos
189 3393 214 3447 d.
237 3409 257 3447 s.
277 3391 296 3447 i.
317 3392 385 3444 sunt
402 3391 547 3460 ordinati):
568 3407 618 3446 om.
643 3392 707 3445 VB.
799 3395 832 3443 14
850 3388 975 3443 fasciolis
994 3392 1029 3444 rb
1041 3391 1113 3445 oet:

93 3463 241 3519 fasciculis
265 3463 333 3517 VB.
402 3468 437 3516 to
456 3462 517 3516 oleo
528 3506 534 3519 .
546 3505 552 3518 .
564 3504 570 3517 .
584 3460 705 3515 mirtheo
724 3467 770 3516 etc.
782 3459 904 3530 Vffiet),
924 3459 985 3514 oleo
1040 3477 1113 3529 myr-

93 3535 155 3591 tino
176 3532 302 3604 (mirtino
323 3533 349 3601 b)
363 3533 412 3588 rb:
432 3532 525 3588 oleum
545 3531 745 3588 ...mirteum
758 3532 793 3587 B.
