<?xml version="1.0" encoding="UTF-8"?>
<!DOCTYPE html PUBLIC "-//W3C//DTD XHTML 1.0 Transitional//EN"
    "http://www.w3.org/TR/xhtml1/DTD/xhtml1-transitional.dtd">
<html xmlns="http://www.w3.org/1999/xhtml" xml:lang="en" lang="en">
 <head>
  <title>
</title>
<meta http-equiv="Content-Type" content="text/html;charset=utf-8" />
  <meta name='ocr-system' content='tesseract 3.04.00' />
  <meta name='ocr-capabilities' content='ocr_page ocr_carea ocr_par ocr_line ocrx_word'/>
</head>
<body>
  <div class='ocr_page' id='page_1' title='image "./euporistonlibri00rosegoog_0306.png"; bbox 0 0 2392 3922; ppageno 0'>
   <div class='ocr_carea' id='block_1_1' title="bbox 464 150 1107 224">
    <p class='ocr_par' dir='ltr' id='par_1_1' title="bbox 464 150 1107 224">
     <span class='ocr_line' id='line_1_1' title="bbox 464 150 1107 224; baseline 0.002 -22"><span class='ocrx_word' id='word_1_1' title='bbox 464 150 735 224; x_wconf 66' lang='lat' dir='ltr'>heumannum.</span> <span class='ocrx_word' id='word_1_2' title='bbox 1042 150 1107 214; x_wconf 64' lang='lat'>273</span> 
     </span>
    </p>
   </div>
   <div class='ocr_carea' id='block_1_2' title="bbox 86 305 1134 857">
    <p class='ocr_par' dir='ltr' id='par_1_2' title="bbox 86 305 1107 381">
     <span class='ocr_line' id='line_1_2' title="bbox 86 305 1107 381; baseline 0.003 -19"><span class='ocrx_word' id='word_1_3' title='bbox 86 323 121 362; x_wconf 84' lang='lat' dir='ltr'>ea</span> <span class='ocrx_word' id='word_1_4' title='bbox 148 309 234 376; x_wconf 80' lang='lat' dir='ltr'>parte</span> <span class='ocrx_word' id='word_1_5' title='bbox 261 306 313 362; x_wconf 89' lang='lat' dir='ltr'>nbi</span> <span class='ocrx_word' id='word_1_6' title='bbox 340 305 485 363; x_wconf 84' lang='lat' dir='ltr'>introierit</span> <span class='ocrx_word' id='word_1_7' title='bbox 512 323 596 378; x_wconf 80' lang='lat' dir='ltr'>anper</span> <span class='ocrx_word' id='word_1_8' title='bbox 626 324 753 381; x_wconf 79' lang='lat' dir='ltr'>umerum</span> <span class='ocrx_word' id='word_1_9' title='bbox 777 323 873 378; x_wconf 88' lang='lat' dir='ltr'>pones.</span> <span class='ocrx_word' id='word_1_10' title='bbox 911 309 1010 366; x_wconf 87' lang='lat' dir='ltr'>eadem</span> <span class='ocrx_word' id='word_1_11' title='bbox 1029 310 1107 365; x_wconf 45' lang='lat' dir='ltr'>&gt;hora</span> 
     </span>
    </p>

    <p class='ocr_par' dir='ltr' id='par_1_3' title="bbox 86 385 1108 460">
     <span class='ocr_line' id='line_1_3' title="bbox 86 385 1108 460; baseline 0.003 -19"><span class='ocrx_word' id='word_1_12' title='bbox 86 386 171 443; x_wconf 85' lang='lat' dir='ltr'>exiet.</span> <span class='ocrx_word' id='word_1_13' title='bbox 193 387 218 441; x_wconf 82' lang='lat' dir='ltr'>ei</span> <span class='ocrx_word' id='word_1_14' title='bbox 233 386 325 442; x_wconf 85' lang='lat' dir='ltr'>arista</span> <span class='ocrx_word' id='word_1_15' title='bbox 342 385 497 457; x_wconf 64' lang='lat' dir='ltr'>introierit,</span> <span class='ocrx_word' id='word_1_16' title='bbox 511 404 618 456; x_wconf 79' lang='lat' dir='ltr'>pyrene</span> <span class='ocrx_word' id='word_1_17' title='bbox 631 387 719 443; x_wconf 90' lang='lat' dir='ltr'>meles</span> <span class='ocrx_word' id='word_1_18' title='bbox 734 389 769 447; x_wconf 88' lang='lat' dir='ltr'>de</span> <span class='ocrx_word' id='word_1_19' title='bbox 787 389 865 444; x_wconf 83' lang='lat' dir='ltr'>visco</span> <span class='ocrx_word' id='word_1_20' title='bbox 878 406 986 460; x_wconf 79' lang='lat' dir='ltr'>ungues</span> <span class='ocrx_word' id='word_1_21' title='bbox 1001 392 1108 445; x_wconf 88' lang='lat' dir='ltr'>etcum</span> 
     </span>
    </p>

    <p class='ocr_par' dir='ltr' id='par_1_4' title="bbox 87 467 1107 525">
     <span class='ocr_line' id='line_1_4' title="bbox 87 467 1107 525; baseline 0 -2"><span class='ocrx_word' id='word_1_22' title='bbox 87 485 123 523; x_wconf 82' lang='lat' dir='ltr'>ea</span> <span class='ocrx_word' id='word_1_23' title='bbox 146 467 269 523; x_wconf 86' lang='lat' dir='ltr'>aristam</span> <span class='ocrx_word' id='word_1_24' title='bbox 292 469 328 524; x_wconf 88' lang='lat' dir='ltr'>de</span> <span class='ocrx_word' id='word_1_25' title='bbox 351 468 467 523; x_wconf 85' lang='lat' dir='ltr'>auribus</span> <span class='ocrx_word' id='word_1_26' title='bbox 492 467 539 522; x_wconf 87' lang='lat' dir='ltr'>vel</span> <span class='ocrx_word' id='word_1_27' title='bbox 563 467 652 523; x_wconf 92' lang='lat' dir='ltr'>oculis</span> <span class='ocrx_word' id='word_1_28' title='bbox 677 467 770 524; x_wconf 89' lang='lat' dir='ltr'>tolles.</span> <span class='ocrx_word' id='word_1_29' title='bbox 808 469 938 525; x_wconf 87' lang='lat' dir='ltr'>omnibus</span> <span class='ocrx_word' id='word_1_30' title='bbox 962 468 1107 524; x_wconf 87' lang='lat' dir='ltr'>doloribus</span> 
     </span>
    </p>

    <p class='ocr_par' dir='ltr' id='par_1_5' title="bbox 89 546 1108 616">
     <span class='ocr_line' id='line_1_5' title="bbox 89 546 1108 616; baseline 0.002 -14"><span class='ocrx_word' id='word_1_31' title='bbox 89 547 202 602; x_wconf 84' lang='lat' dir='ltr'>aurium</span> <span class='ocrx_word' id='word_1_32' title='bbox 220 547 292 603; x_wconf 87' lang='lat' dir='ltr'>mire</span> <span class='ocrx_word' id='word_1_33' title='bbox 311 563 468 616; x_wconf 62' lang='lat' dir='ltr'>succurra,</span> <span class='ocrx_word' id='word_1_34' title='bbox 492 546 517 602; x_wconf 91' lang='lat' dir='ltr'>si</span> <span class='ocrx_word' id='word_1_35' title='bbox 535 563 601 601; x_wconf 86' lang='lat' dir='ltr'>mox</span> <span class='ocrx_word' id='word_1_36' title='bbox 624 547 767 602; x_wconf 80' lang='lat' dir='ltr'><strong>dolentem</strong></span> <span class='ocrx_word' id='word_1_37' title='bbox 785 564 883 602; x_wconf 91' lang='lat' dir='ltr'>aurem</span> <span class='ocrx_word' id='word_1_38' title='bbox 901 550 936 604; x_wconf 88' lang='lat' dir='ltr'>de</span> <span class='ocrx_word' id='word_1_39' title='bbox 954 549 1022 604; x_wconf 87' lang='lat' dir='ltr'>lana</span> <span class='ocrx_word' id='word_1_40' title='bbox 1040 549 1108 605; x_wconf 86' lang='lat' dir='ltr'>alba</span> 
     </span>
    </p>

    <p class='ocr_par' dir='ltr' id='par_1_6' title="bbox 90 626 1134 697">
     <span class='ocr_line' id='line_1_6' title="bbox 90 626 1134 697; baseline 0.002 -15"><span class='ocrx_word' id='word_1_41' title='bbox 90 627 190 682; x_wconf 83' lang='lat' dir='ltr'>sucida</span> <span class='ocrx_word' id='word_1_42' title='bbox 209 627 337 696; x_wconf 86' lang='lat' dir='ltr'>claudas,</span> <span class='ocrx_word' id='word_1_43' title='bbox 355 630 389 682; x_wconf 89' lang='lat' dir='ltr'>nt</span> <span class='ocrx_word' id='word_1_44' title='bbox 407 644 496 696; x_wconf 89' lang='lat' dir='ltr'>usqne</span> <span class='ocrx_word' id='word_1_45' title='bbox 515 627 553 682; x_wconf 93' lang='lat' dir='ltr'>ad</span> <span class='ocrx_word' id='word_1_46' title='bbox 571 626 725 681; x_wconf 87' lang='lat' dir='ltr'>sanitatem</span> <span class='ocrx_word' id='word_1_47' title='bbox 743 627 841 682; x_wconf 86' lang='lat' dir='ltr'>clausa</span> <span class='ocrx_word' id='word_1_48' title='bbox 858 632 1031 697; x_wconf 88' lang='lat' dir='ltr'>permaneat.</span> <span class='ocrx_word' id='word_1_49' title='bbox 1122 645 1134 684; x_wconf 86' lang='lat'>5</span> 
     </span>
    </p>

    <p class='ocr_par' dir='ltr' id='par_1_7' title="bbox 89 707 1107 857">
     <span class='ocr_line' id='line_1_7' title="bbox 89 707 1107 779; baseline 0 -17"><span class='ocrx_word' id='word_1_50' title='bbox 89 709 145 762; x_wconf 65' lang='lat' dir='ltr'>mm</span> <span class='ocrx_word' id='word_1_51' title='bbox 168 709 294 778; x_wconf 71' lang='lat' dir='ltr'>sepuitm</span> <span class='ocrx_word' id='word_1_52' title='bbox 315 709 348 762; x_wconf 77' lang='lat' dir='ltr'>io</span> <span class='ocrx_word' id='word_1_53' title='bbox 370 709 407 764; x_wconf 87' lang='lat' dir='ltr'>br</span> <span class='ocrx_word' id='word_1_54' title='bbox 428 709 508 775; x_wconf 80' lang='lat' dir='ltr'>(item</span> <span class='ocrx_word' id='word_1_55' title='bbox 525 708 557 761; x_wconf 73' lang='lat' dir='ltr'>ia</span> <span class='ocrx_word' id='word_1_56' title='bbox 575 711 600 776; x_wconf 87' lang='lat' dir='ltr'>c)</span> <span class='ocrx_word' id='word_1_57' title='bbox 620 707 757 775; x_wconf 85' lang='lat' dir='ltr'>cup.1,9</span> <span class='ocrx_word' id='word_1_58' title='bbox 780 707 1018 778; x_wconf 83' lang='lat' dir='ltr'>Deparotidis</span> <span class='ocrx_word' id='word_1_59' title='bbox 1038 710 1107 779; x_wconf 84' lang='lat' dir='ltr'>(Tu-</span> 
     </span>
     <span class='ocr_line' id='line_1_8' title="bbox 421 785 778 857; baseline 0.006 -17"><span class='ocrx_word' id='word_1_60' title='bbox 421 802 513 841; x_wconf 87' lang='lat' dir='ltr'>mores</span> <span class='ocrx_word' id='word_1_61' title='bbox 531 785 736 857; x_wconf 88' lang='lat' dir='ltr'>repentinos..</span> <span class='ocrx_word' id='word_1_62' title='bbox 753 789 778 857; x_wconf 87' lang='lat'>.).</span> 
     </span>
    </p>
   </div>
   <div class='ocr_carea' id='block_1_3' title="bbox 90 900 1149 1690">
    <p class='ocr_par' dir='ltr' id='par_1_8' title="bbox 125 900 1070 1054">
     <span class='ocr_line' id='line_1_9' title="bbox 125 900 1070 971; baseline 0.003 -15"><span class='ocrx_word' id='word_1_63' title='bbox 125 901 211 969; x_wconf 78' lang='lat' dir='ltr'>Aul,</span> <span class='ocrx_word' id='word_1_64' title='bbox 226 905 245 957; x_wconf 90' lang='grc'><strong><em>9</em></strong></span> <span class='ocrx_word' id='word_1_65' title='bbox 260 905 320 970; x_wconf 80' lang='grc'>(24)</span> <span class='ocrx_word' id='word_1_66' title='bbox 339 901 386 956; x_wconf 87' lang='lat' dir='ltr'>De</span> <span class='ocrx_word' id='word_1_67' title='bbox 404 900 579 971; x_wconf 86' lang='lat' dir='ltr'>parotidis</span> <span class='ocrx_word' id='word_1_68' title='bbox 593 904 668 971; x_wconf 77' lang='lat' dir='ltr'>(post</span> <span class='ocrx_word' id='word_1_69' title='bbox 682 905 748 957; x_wconf 89' lang='lat' dir='ltr'>sunt</span> <span class='ocrx_word' id='word_1_70' title='bbox 761 903 904 958; x_wconf 86' lang='lat' dir='ltr'>adiutoria</span> <span class='ocrx_word' id='word_1_71' title='bbox 921 905 993 959; x_wconf 88' lang='lat' dir='ltr'>haec</span> <span class='ocrx_word' id='word_1_72' title='bbox 1007 921 1070 959; x_wconf 88' lang='lat' dir='ltr'>evo-</span> 
     </span>
     <span class='ocr_line' id='line_1_10' title="bbox 402 980 801 1054; baseline 0.01 -20"><span class='ocrx_word' id='word_1_73' title='bbox 402 980 511 1035; x_wconf 86' lang='lat' dir='ltr'>catoria</span> <span class='ocrx_word' id='word_1_74' title='bbox 526 1025 531 1036; x_wconf 90' lang='lat'>.</span> <span class='ocrx_word' id='word_1_75' title='bbox 548 1025 553 1036; x_wconf 93' lang='lat'>.</span> <span class='ocrx_word' id='word_1_76' title='bbox 570 1025 575 1036; x_wconf 89' lang='lat'>.</span> <span class='ocrx_word' id='word_1_77' title='bbox 596 985 801 1054; x_wconf 85' lang='lat' dir='ltr'>evocaverunt).</span> 
     </span>
    </p>

    <p class='ocr_par' dir='ltr' id='par_1_9' title="bbox 90 1060 1149 1690">
     <span class='ocr_line' id='line_1_11' title="bbox 154 1060 1149 1133; baseline -0.003 -17"><span class='ocrx_word' id='word_1_78' title='bbox 154 1061 258 1116; x_wconf 72' lang='lat' dir='ltr'>Sexum</span> <span class='ocrx_word' id='word_1_79' title='bbox 267 1060 415 1130; x_wconf 88' lang='lat' dir='ltr'>caprinum</span> <span class='ocrx_word' id='word_1_80' title='bbox 423 1060 469 1116; x_wconf 88' lang='lat' dir='ltr'>vel</span> <span class='ocrx_word' id='word_1_81' title='bbox 479 1060 598 1115; x_wconf 85' lang='lat' dir='ltr'>ovillum</span> <span class='ocrx_word' id='word_1_82' title='bbox 608 1071 672 1117; x_wconf 88' lang='lat' dir='ltr'>cum</span> <span class='ocrx_word' id='word_1_83' title='bbox 682 1062 740 1117; x_wconf 90' lang='lat' dir='ltr'>sale</span> <span class='ocrx_word' id='word_1_84' title='bbox 750 1062 915 1132; x_wconf 87' lang='lat' dir='ltr'>impositum</span> <span class='ocrx_word' id='word_1_85' title='bbox 923 1063 1103 1133; x_wconf 89' lang='lat' dir='ltr'>parotides</span> <span class='ocrx_word' id='word_1_86' title='bbox 1114 1060 1149 1128; x_wconf 85' lang='lat' dir='ltr'>(X</span> 
     </span>
     <span class='ocr_line' id='line_1_12' title="bbox 90 1140 1145 1211; baseline -0.001 -17"><span class='ocrx_word' id='word_1_87' title='bbox 90 1140 205 1210; x_wconf 88' lang='lat' dir='ltr'>aperit</span> <span class='ocrx_word' id='word_1_88' title='bbox 224 1143 259 1196; x_wconf 86' lang='lat' dir='ltr'>et</span> <span class='ocrx_word' id='word_1_89' title='bbox 277 1143 387 1195; x_wconf 86' lang='lat' dir='ltr'>sanat.</span> <span class='ocrx_word' id='word_1_90' title='bbox 414 1141 468 1194; x_wconf 91' lang='lat' dir='ltr'>hoc</span> <span class='ocrx_word' id='word_1_91' title='bbox 488 1141 641 1196; x_wconf 88' lang='lat' dir='ltr'>cuiuslibet</span> <span class='ocrx_word' id='word_1_92' title='bbox 653 1142 770 1211; x_wconf 82' lang='lat' dir='ltr'>pecudis</span> <span class='ocrx_word' id='word_1_93' title='bbox 785 1142 863 1197; x_wconf 83' lang='lat' dir='ltr'>facit.</span> <span class='ocrx_word' id='word_1_94' title='bbox 891 1142 987 1196; x_wconf 88' lang='lat' dir='ltr'><strong>fimum</strong></span> <span class='ocrx_word' id='word_1_95' title='bbox 1001 1143 1106 1196; x_wconf 92' lang='lat' dir='ltr'>colum·</span> <span class='ocrx_word' id='word_1_96' title='bbox 1122 1157 1145 1193; x_wconf 90' lang='lat'>11</span> 
     </span>
     <span class='ocr_line' id='line_1_13' title="bbox 91 1220 1106 1292; baseline 0.003 -19"><span class='ocrx_word' id='word_1_97' title='bbox 91 1220 188 1274; x_wconf 91' lang='lat' dir='ltr'>binum</span> <span class='ocrx_word' id='word_1_98' title='bbox 212 1237 264 1291; x_wconf 88' lang='lat' dir='ltr'>per</span> <span class='ocrx_word' id='word_1_99' title='bbox 287 1236 317 1275; x_wconf 88' lang='lat' dir='ltr'>se</span> <span class='ocrx_word' id='word_1_100' title='bbox 340 1220 385 1275; x_wconf 84' lang='lat' dir='ltr'>vel</span> <span class='ocrx_word' id='word_1_101' title='bbox 409 1237 473 1274; x_wconf 90' lang='lat' dir='ltr'>cum</span> <span class='ocrx_word' id='word_1_102' title='bbox 500 1220 593 1275; x_wconf 85' lang='lat' dir='ltr'>farina</span> <span class='ocrx_word' id='word_1_103' title='bbox 615 1221 715 1276; x_wconf 79' lang='lat' dir='ltr'>hordei</span> <span class='ocrx_word' id='word_1_104' title='bbox 738 1221 909 1292; x_wconf 88' lang='lat' dir='ltr'>impositum.</span> <span class='ocrx_word' id='word_1_105' title='bbox 946 1221 1106 1276; x_wconf 85' lang='lat' dir='ltr'>hirundinis</span> 
     </span>
     <span class='ocr_line' id='line_1_14' title="bbox 92 1292 1106 1372; baseline 0.002 -19"><span class='ocrx_word' id='word_1_106' title='bbox 92 1292 218 1354; x_wconf 84' lang='lat' dir='ltr'>ventrem</span> <span class='ocrx_word' id='word_1_107' title='bbox 241 1317 306 1354; x_wconf 90' lang='lat' dir='ltr'>oum</span> <span class='ocrx_word' id='word_1_108' title='bbox 329 1298 439 1355; x_wconf 90' lang='lat' dir='ltr'>calamo</span> <span class='ocrx_word' id='word_1_109' title='bbox 462 1301 551 1355; x_wconf 90' lang='lat' dir='ltr'>findes</span> <span class='ocrx_word' id='word_1_110' title='bbox 571 1303 600 1356; x_wconf 91' lang='lat' dir='ltr'>et</span> <span class='ocrx_word' id='word_1_111' title='bbox 622 1301 665 1355; x_wconf 91' lang='lat' dir='ltr'>ibi</span> <span class='ocrx_word' id='word_1_112' title='bbox 687 1301 801 1372; x_wconf 79' lang='lat' dir='ltr'>lapillos</span> <span class='ocrx_word' id='word_1_113' title='bbox 825 1301 964 1372; x_wconf 85' lang='lat' dir='ltr'>invenies,</span> <span class='ocrx_word' id='word_1_114' title='bbox 988 1319 1057 1370; x_wconf 89' lang='lat' dir='ltr'>quos</span> <span class='ocrx_word' id='word_1_115' title='bbox 1076 1302 1106 1355; x_wconf 92' lang='lat' dir='ltr'>in</span> 
     </span>
     <span class='ocr_line' id='line_1_15' title="bbox 92 1378 1105 1452; baseline 0.005 -21"><span class='ocrx_word' id='word_1_116' title='bbox 92 1378 189 1448; x_wconf 89' lang='lat' dir='ltr'>lupino</span> <span class='ocrx_word' id='word_1_117' title='bbox 208 1395 295 1434; x_wconf 88' lang='lat' dir='ltr'>aureo</span> <span class='ocrx_word' id='word_1_118' title='bbox 314 1379 378 1448; x_wconf 90' lang='lat' dir='ltr'>quis</span> <span class='ocrx_word' id='word_1_119' title='bbox 391 1382 494 1449; x_wconf 86' lang='lat' dir='ltr'>portet.</span> <span class='ocrx_word' id='word_1_120' title='bbox 526 1381 596 1434; x_wconf 88' lang='lat' dir='ltr'>ficus</span> <span class='ocrx_word' id='word_1_121' title='bbox 615 1380 704 1436; x_wconf 88' lang='lat' dir='ltr'>siccas</span> <span class='ocrx_word' id='word_1_122' title='bbox 723 1382 754 1435; x_wconf 91' lang='lat' dir='ltr'>in</span> <span class='ocrx_word' id='word_1_123' title='bbox 772 1399 846 1451; x_wconf 90' lang='lat' dir='ltr'>aqua</span> <span class='ocrx_word' id='word_1_124' title='bbox 865 1383 1013 1452; x_wconf 80' lang='lat' dir='ltr'>decoquas,</span> <span class='ocrx_word' id='word_1_125' title='bbox 1032 1385 1105 1437; x_wconf 87' lang='lat' dir='ltr'>teres</span> 
     </span>
     <span class='ocr_line' id='line_1_16' title="bbox 91 1454 1146 1532; baseline 0.005 -20"><span class='ocrx_word' id='word_1_126' title='bbox 91 1461 121 1512; x_wconf 89' lang='lat' dir='ltr'>et</span> <span class='ocrx_word' id='word_1_127' title='bbox 147 1459 288 1528; x_wconf 79' lang='lat' dir='ltr'>impones,</span> <span class='ocrx_word' id='word_1_128' title='bbox 317 1459 462 1529; x_wconf 87' lang='lat' dir='ltr'>parotides</span> <span class='ocrx_word' id='word_1_129' title='bbox 491 1459 615 1515; x_wconf 79' lang='lat' dir='ltr'>discutit.</span> <span class='ocrx_word' id='word_1_130' title='bbox 663 1464 740 1528; x_wconf 87' lang='lat' dir='ltr'>creta</span> <span class='ocrx_word' id='word_1_131' title='bbox 768 1479 832 1516; x_wconf 91' lang='lat' dir='ltr'>cum</span> <span class='ocrx_word' id='word_1_132' title='bbox 855 1465 936 1517; x_wconf 88' lang='lat' dir='ltr'>aceto</span> <span class='ocrx_word' id='word_1_133' title='bbox 963 1454 1104 1532; x_wconf 85' lang='lat' dir='ltr'>imposita.</span> <span class='ocrx_word' id='word_1_134' title='bbox 1122 1473 1146 1513; x_wconf 84' lang='lat'>15</span> 
     </span>
     <span class='ocr_line' id='line_1_17' title="bbox 91 1537 1106 1612; baseline 0.007 -22"><span class='ocrx_word' id='word_1_135' title='bbox 91 1537 227 1609; x_wconf 80' lang='lat' dir='ltr'>plantago</span> <span class='ocrx_word' id='word_1_136' title='bbox 252 1556 316 1592; x_wconf 91' lang='lat' dir='ltr'>cum</span> <span class='ocrx_word' id='word_1_137' title='bbox 339 1538 464 1609; x_wconf 77' lang='lat' dir='ltr'>axungia</span> <span class='ocrx_word' id='word_1_138' title='bbox 487 1539 563 1595; x_wconf 89' lang='lat' dir='ltr'>trita.</span> <span class='ocrx_word' id='word_1_139' title='bbox 607 1540 705 1595; x_wconf 90' lang='lat' dir='ltr'>fimum</span> <span class='ocrx_word' id='word_1_140' title='bbox 727 1540 873 1610; x_wconf 90' lang='lat' dir='ltr'>caprinum</span> <span class='ocrx_word' id='word_1_141' title='bbox 895 1559 959 1596; x_wconf 92' lang='lat' dir='ltr'>cum</span> <span class='ocrx_word' id='word_1_142' title='bbox 982 1543 1106 1612; x_wconf 80' lang='lat' dir='ltr'>axungia</span> 
     </span>
     <span class='ocr_line' id='line_1_18' title="bbox 92 1616 822 1690; baseline 0.007 -20"><span class='ocrx_word' id='word_1_143' title='bbox 92 1616 205 1673; x_wconf 90' lang='lat' dir='ltr'>illinito.</span> <span class='ocrx_word' id='word_1_144' title='bbox 242 1618 313 1672; x_wconf 87' lang='lat' dir='ltr'>item</span> <span class='ocrx_word' id='word_1_145' title='bbox 331 1618 423 1673; x_wconf 88' lang='lat' dir='ltr'>scribe</span> <span class='ocrx_word' id='word_1_146' title='bbox 441 1618 473 1673; x_wconf 88' lang='lat' dir='ltr'>in</span> <span class='ocrx_word' id='word_1_147' title='bbox 490 1619 584 1675; x_wconf 91' lang='lat' dir='ltr'>locum</span> <span class='ocrx_word' id='word_1_148' title='bbox 601 1620 695 1690; x_wconf 91' lang='lat' dir='ltr'>ipsum</span> <span class='ocrx_word' id='word_1_149' title='bbox 712 1637 822 1689; x_wconf 84' lang='lat' dir='ltr'>xuoyx.</span> 
     </span>
    </p>
   </div>
   <div class='ocr_carea' id='block_1_4' title="bbox 91 1724 1145 2190">
    <p class='ocr_par' dir='ltr' id='par_1_10' title="bbox 91 1724 1145 2190">
     <span class='ocr_line' id='line_1_19' title="bbox 119 1724 1086 1798; baseline 0.005 -22"><span class='ocrx_word' id='word_1_150' title='bbox 119 1724 165 1778; x_wconf 75' lang='lat' dir='ltr'>Au</span> <span class='ocrx_word' id='word_1_151' title='bbox 181 1725 254 1778; x_wconf 77' lang='lat' dir='ltr'>idern</span> <span class='ocrx_word' id='word_1_152' title='bbox 271 1742 331 1794; x_wconf 83' lang='lat' dir='ltr'>cap.</span> <span class='ocrx_word' id='word_1_153' title='bbox 346 1726 376 1792; x_wconf 86' lang='lat' dir='ltr'>I,</span> <span class='ocrx_word' id='word_1_154' title='bbox 390 1731 408 1780; x_wconf 91' lang='lat'><strong><em>9</em></strong></span> <span class='ocrx_word' id='word_1_155' title='bbox 425 1729 473 1793; x_wconf 80' lang='lat'>(25</span> <span class='ocrx_word' id='word_1_156' title='bbox 487 1733 551 1796; x_wconf 77' lang='lat' dir='ltr'>post</span> <span class='ocrx_word' id='word_1_157' title='bbox 569 1725 699 1783; x_wconf 86' lang='lat' dir='ltr'>similiter</span> <span class='ocrx_word' id='word_1_158' title='bbox 717 1727 805 1782; x_wconf 83' lang='lat' dir='ltr'>faciet</span> <span class='ocrx_word' id='word_1_159' title='bbox 822 1729 846 1796; x_wconf 88' lang='lat' dir='ltr'>b,</span> <span class='ocrx_word' id='word_1_160' title='bbox 867 1735 930 1798; x_wconf 79' lang='lat' dir='ltr'>post</span> <span class='ocrx_word' id='word_1_161' title='bbox 947 1728 1035 1782; x_wconf 91' lang='lat' dir='ltr'>uteris</span> <span class='ocrx_word' id='word_1_162' title='bbox 1054 1733 1086 1798; x_wconf 85' lang='lat' dir='ltr'>r).</span> 
     </span>
     <span class='ocr_line' id='line_1_20' title="bbox 162 1803 489 1873; baseline 0.009 -16"><span class='ocrx_word' id='word_1_163' title='bbox 162 1803 249 1857; x_wconf 87' lang='lat' dir='ltr'>Aliud</span> <span class='ocrx_word' id='word_1_164' title='bbox 268 1804 308 1859; x_wconf 93' lang='lat' dir='ltr'>de</span> <span class='ocrx_word' id='word_1_165' title='bbox 327 1804 489 1873; x_wconf 87' lang='lat' dir='ltr'>expertis.</span> 
     </span>
     <span class='ocr_line' id='line_1_21' title="bbox 162 1883 1145 1955; baseline 0.003 -18"><span class='ocrx_word' id='word_1_166' title='bbox 162 1883 208 1938; x_wconf 89' lang='lat' dir='ltr'>die</span> <span class='ocrx_word' id='word_1_167' title='bbox 227 1883 300 1939; x_wconf 79' lang='lat' dir='ltr'>iovis</span> <span class='ocrx_word' id='word_1_168' title='bbox 318 1885 439 1954; x_wconf 89' lang='lat' dir='ltr'>prendes</span> <span class='ocrx_word' id='word_1_169' title='bbox 458 1884 568 1955; x_wconf 92' lang='lat' dir='ltr'>talpam</span> <span class='ocrx_word' id='word_1_170' title='bbox 585 1885 681 1940; x_wconf 81' lang='lat' dir='ltr'>vivam</span> <span class='ocrx_word' id='word_1_171' title='bbox 700 1889 729 1941; x_wconf 87' lang='lat' dir='ltr'>et</span> <span class='ocrx_word' id='word_1_172' title='bbox 746 1887 843 1941; x_wconf 87' lang='lat' dir='ltr'>mittes</span> <span class='ocrx_word' id='word_1_173' title='bbox 857 1886 888 1940; x_wconf 89' lang='lat' dir='ltr'>in</span> <span class='ocrx_word' id='word_1_174' title='bbox 902 1887 1007 1940; x_wconf 79' lang='lat' dir='ltr'>cacabo</span> <span class='ocrx_word' id='word_1_175' title='bbox 1022 1902 1103 1940; x_wconf 80' lang='lat' dir='ltr'>novo,</span> <span class='ocrx_word' id='word_1_176' title='bbox 1119 1896 1145 1934; x_wconf 75' lang='lat'>20</span> 
     </span>
     <span class='ocr_line' id='line_1_22' title="bbox 92 1962 1104 2036; baseline 0.003 -21"><span class='ocrx_word' id='word_1_177' title='bbox 92 1962 197 2017; x_wconf 87' lang='lat' dir='ltr'>adicies</span> <span class='ocrx_word' id='word_1_178' title='bbox 217 1966 246 2018; x_wconf 90' lang='lat' dir='ltr'>et</span> <span class='ocrx_word' id='word_1_179' title='bbox 264 1963 321 2018; x_wconf 92' lang='lat' dir='ltr'>olei</span> <span class='ocrx_word' id='word_1_180' title='bbox 340 1963 437 2018; x_wconf 85' lang='lat' dir='ltr'>calicis</span> <span class='ocrx_word' id='word_1_181' title='bbox 456 1964 600 2033; x_wconf 90' lang='lat' dir='ltr'>potionem</span> <span class='ocrx_word' id='word_1_182' title='bbox 619 1968 648 2020; x_wconf 91' lang='lat' dir='ltr'>et</span> <span class='ocrx_word' id='word_1_183' title='bbox 665 1982 753 2035; x_wconf 89' lang='lat' dir='ltr'>pones</span> <span class='ocrx_word' id='word_1_184' title='bbox 772 1982 855 2036; x_wconf 90' lang='lat' dir='ltr'>super</span> <span class='ocrx_word' id='word_1_185' title='bbox 872 1965 979 2034; x_wconf 85' lang='lat' dir='ltr'>focum,</span> <span class='ocrx_word' id='word_1_186' title='bbox 1003 1982 1104 2032; x_wconf 90' lang='lat' dir='ltr'>quous-</span> 
     </span>
     <span class='ocr_line' id='line_1_23' title="bbox 91 2042 1104 2113; baseline 0.003 -18"><span class='ocrx_word' id='word_1_187' title='bbox 91 2058 144 2109; x_wconf 90' lang='lat' dir='ltr'>que</span> <span class='ocrx_word' id='word_1_188' title='bbox 163 2042 244 2111; x_wconf 88' lang='lat' dir='ltr'>talpa</span> <span class='ocrx_word' id='word_1_189' title='bbox 263 2046 293 2097; x_wconf 91' lang='lat' dir='ltr'>et</span> <span class='ocrx_word' id='word_1_190' title='bbox 317 2043 410 2097; x_wconf 88' lang='lat' dir='ltr'>oleum</span> <span class='ocrx_word' id='word_1_191' title='bbox 433 2044 463 2097; x_wconf 94' lang='lat' dir='ltr'>in</span> <span class='ocrx_word' id='word_1_192' title='bbox 485 2044 661 2099; x_wconf 83' lang='lat' dir='ltr'>medicamen</span> <span class='ocrx_word' id='word_1_193' title='bbox 679 2048 867 2100; x_wconf 86' lang='lat' dir='ltr'>convertatur.</span> <span class='ocrx_word' id='word_1_194' title='bbox 906 2047 935 2099; x_wconf 89' lang='lat' dir='ltr'>et</span> <span class='ocrx_word' id='word_1_195' title='bbox 953 2046 1104 2113; x_wconf 84' lang='lat' dir='ltr'>unguendo</span> 
     </span>
     <span class='ocr_line' id='line_1_24' title="bbox 91 2122 480 2190; baseline 0.008 -15"><span class='ocrx_word' id='word_1_196' title='bbox 91 2122 235 2190; x_wconf 85' lang='lat' dir='ltr'>parotides</span> <span class='ocrx_word' id='word_1_197' title='bbox 254 2122 372 2178; x_wconf 86' lang='lat' dir='ltr'>mirifice</span> <span class='ocrx_word' id='word_1_198' title='bbox 391 2141 480 2178; x_wconf 89' lang='lat' dir='ltr'>curas.</span> 
     </span>
    </p>
   </div>
   <div class='ocr_carea' id='block_1_5' title="bbox 89 2230 1149 2604">
    <p class='ocr_par' dir='ltr' id='par_1_11' title="bbox 89 2230 1149 2604">
     <span class='ocr_line' id='line_1_25' title="bbox 125 2230 1067 2300; baseline 0 -16"><span class='ocrx_word' id='word_1_199' title='bbox 125 2230 173 2284; x_wconf 84' lang='lat' dir='ltr'>Ad</span> <span class='ocrx_word' id='word_1_200' title='bbox 185 2230 212 2296; x_wconf 87' lang='lat' dir='ltr'>I,</span> <span class='ocrx_word' id='word_1_201' title='bbox 226 2235 262 2284; x_wconf 90' lang='lat'>10</span> <span class='ocrx_word' id='word_1_202' title='bbox 278 2233 338 2298; x_wconf 79' lang='lat'><em>(26)</em></span> <span class='ocrx_word' id='word_1_203' title='bbox 358 2230 404 2284; x_wconf 92' lang='lat' dir='ltr'>De</span> <span class='ocrx_word' id='word_1_204' title='bbox 423 2230 640 2284; x_wconf 84' lang='lat' dir='ltr'>ferbunculis</span> <span class='ocrx_word' id='word_1_205' title='bbox 655 2234 729 2300; x_wconf 82' lang='lat' dir='ltr'>(post</span> <span class='ocrx_word' id='word_1_206' title='bbox 747 2230 921 2284; x_wconf 87' lang='lat' dir='ltr'>consuetudo</span> <span class='ocrx_word' id='word_1_207' title='bbox 936 2230 1067 2299; x_wconf 77' lang='lat' dir='ltr'>edocuit).</span> 
     </span>
     <span class='ocr_line' id='line_1_26' title="bbox 161 2304 1149 2379; baseline 0.002 -17"><span class='ocrx_word' id='word_1_208' title='bbox 161 2309 328 2364; x_wconf 87' lang='lat' dir='ltr'>Medicinali</span> <span class='ocrx_word' id='word_1_209' title='bbox 347 2309 438 2379; x_wconf 86' lang='lat' dir='ltr'>digito</span> <span class='ocrx_word' id='word_1_210' title='bbox 457 2311 574 2364; x_wconf 87' lang='lat' dir='ltr'>herbam</span> <span class='ocrx_word' id='word_1_211' title='bbox 592 2308 788 2379; x_wconf 84' lang='lat' dir='ltr'>plantaginem</span> <span class='ocrx_word' id='word_1_212' title='bbox 811 2308 901 2362; x_wconf 87' lang='lat' dir='ltr'>exime</span> <span class='ocrx_word' id='word_1_213' title='bbox 921 2312 949 2363; x_wconf 91' lang='lat' dir='ltr'>et</span> <span class='ocrx_word' id='word_1_214' title='bbox 967 2308 997 2362; x_wconf 91' lang='lat' dir='ltr'>in</span> <span class='ocrx_word' id='word_1_215' title='bbox 1015 2309 1104 2364; x_wconf 91' lang='lat' dir='ltr'>linteo</span> <span class='ocrx_word' id='word_1_216' title='bbox 1116 2304 1149 2373; x_wconf 84' lang='lat' dir='ltr'>(X</span> 
     </span>
     <span class='ocr_line' id='line_1_27' title="bbox 89 2386 1144 2457; baseline -0.001 -18"><span class='ocrx_word' id='word_1_217' title='bbox 89 2386 151 2440; x_wconf 89' lang='lat' dir='ltr'>loco</span> <span class='ocrx_word' id='word_1_218' title='bbox 172 2388 320 2457; x_wconf 85' lang='lat' dir='ltr'>suspende.</span> <span class='ocrx_word' id='word_1_219' title='bbox 358 2389 470 2443; x_wconf 87' lang='lat' dir='ltr'>cocleae</span> <span class='ocrx_word' id='word_1_220' title='bbox 488 2389 614 2443; x_wconf 92' lang='lat' dir='ltr'>minutae</span> <span class='ocrx_word' id='word_1_221' title='bbox 633 2405 706 2456; x_wconf 87' lang='lat' dir='ltr'>quae</span> <span class='ocrx_word' id='word_1_222' title='bbox 725 2387 755 2441; x_wconf 92' lang='lat' dir='ltr'>in</span> <span class='ocrx_word' id='word_1_223' title='bbox 774 2387 908 2442; x_wconf 87' lang='lat' dir='ltr'>salicibus</span> <span class='ocrx_word' id='word_1_224' title='bbox 922 2387 1105 2443; x_wconf 87' lang='lat' dir='ltr'>inveniuntur</span> <span class='ocrx_word' id='word_1_225' title='bbox 1119 2401 1144 2439; x_wconf 79' lang='lat' dir='ltr'>ao</span> 
     </span>
     <span class='ocr_line' id='line_1_28' title="bbox 89 2467 1104 2537; baseline 0.004 -18"><span class='ocrx_word' id='word_1_226' title='bbox 89 2484 154 2519; x_wconf 92' lang='lat' dir='ltr'>cum</span> <span class='ocrx_word' id='word_1_227' title='bbox 172 2467 256 2520; x_wconf 86' lang='lat' dir='ltr'>testis</span> <span class='ocrx_word' id='word_1_228' title='bbox 274 2467 332 2521; x_wconf 90' lang='lat' dir='ltr'>suis</span> <span class='ocrx_word' id='word_1_229' title='bbox 351 2468 437 2522; x_wconf 90' lang='lat' dir='ltr'>tritae</span> <span class='ocrx_word' id='word_1_230' title='bbox 456 2471 485 2523; x_wconf 93' lang='lat' dir='ltr'>et</span> <span class='ocrx_word' id='word_1_231' title='bbox 503 2468 653 2537; x_wconf 88' lang='lat' dir='ltr'>impositae</span> <span class='ocrx_word' id='word_1_232' title='bbox 670 2467 850 2522; x_wconf 82' lang='lat' dir='ltr'>ferbunculos</span> <span class='ocrx_word' id='word_1_233' title='bbox 869 2470 899 2522; x_wconf 88' lang='lat' dir='ltr'>et</span> <span class='ocrx_word' id='word_1_234' title='bbox 917 2471 1038 2522; x_wconf 87' lang='lat' dir='ltr'>strumas</span> <span class='ocrx_word' id='word_1_235' title='bbox 1058 2486 1104 2523; x_wconf 93' lang='lat' dir='ltr'>cu·</span> 
     </span>
     <span class='ocr_line' id='line_1_29' title="bbox 89 2546 1104 2604; baseline 0.004 -6"><span class='ocrx_word' id='word_1_236' title='bbox 89 2548 161 2599; x_wconf 90' lang='lat' dir='ltr'>rant.</span> <span class='ocrx_word' id='word_1_237' title='bbox 200 2546 296 2600; x_wconf 87' lang='lat' dir='ltr'>fimum</span> <span class='ocrx_word' id='word_1_238' title='bbox 314 2547 506 2602; x_wconf 89' lang='lat' dir='ltr'>columbinum</span> <span class='ocrx_word' id='word_1_239' title='bbox 524 2565 588 2602; x_wconf 91' lang='lat' dir='ltr'>cum</span> <span class='ocrx_word' id='word_1_240' title='bbox 606 2551 687 2602; x_wconf 87' lang='lat' dir='ltr'>aceto</span> <span class='ocrx_word' id='word_1_241' title='bbox 706 2548 805 2604; x_wconf 90' lang='lat' dir='ltr'>tritum</span> <span class='ocrx_word' id='word_1_242' title='bbox 824 2551 853 2603; x_wconf 92' lang='lat' dir='ltr'>et</span> <span class='ocrx_word' id='word_1_243' title='bbox 866 2547 988 2603; x_wconf 85' lang='lat' dir='ltr'>farinam</span> <span class='ocrx_word' id='word_1_244' title='bbox 1004 2549 1104 2604; x_wconf 88' lang='lat' dir='ltr'>hordei</span> 
     </span>
    </p>
   </div>
   <div class='ocr_carea' id='block_1_6' title="bbox 89 2750 1104 2963">
    <p class='ocr_par' dir='ltr' id='par_1_12' title="bbox 89 2750 1104 2963">
     <span class='ocr_line' id='line_1_30' title="bbox 161 2750 1103 2820; baseline 0.003 -19"><span class='ocrx_word' id='word_1_245' title='bbox 161 2756 303 2818; x_wconf 83' lang='lat' dir='ltr'>2pyrena</span> <span class='ocrx_word' id='word_1_246' title='bbox 321 2750 414 2804; x_wconf 88' lang='lat' dir='ltr'>mellis</span> <span class='ocrx_word' id='word_1_247' title='bbox 434 2752 458 2820; x_wconf 81' lang='lat' dir='ltr'>b,</span> <span class='ocrx_word' id='word_1_248' title='bbox 478 2751 579 2820; x_wconf 80' lang='lat' dir='ltr'>pyrina</span> <span class='ocrx_word' id='word_1_249' title='bbox 597 2751 679 2806; x_wconf 86' lang='lat' dir='ltr'>melis</span> <span class='ocrx_word' id='word_1_250' title='bbox 697 2771 720 2807; x_wconf 80' lang='lat' dir='ltr'>r.</span> <span class='ocrx_word' id='word_1_251' title='bbox 799 2757 881 2807; x_wconf 83' lang='lat' dir='ltr'>3ea:</span> <span class='ocrx_word' id='word_1_252' title='bbox 900 2755 939 2808; x_wconf 82' lang='lat' dir='ltr'>sic</span> <span class='ocrx_word' id='word_1_253' title='bbox 958 2755 1001 2807; x_wconf 82' lang='lat' dir='ltr'>br.</span> <span class='ocrx_word' id='word_1_254' title='bbox 1057 2752 1103 2806; x_wconf 87' lang='lat' dir='ltr'>vel</span> 
     </span>
     <span class='ocr_line' id='line_1_31' title="bbox 89 2820 1102 2878; baseline 0.003 -7"><span class='ocrx_word' id='word_1_255' title='bbox 89 2820 124 2872; x_wconf 91' lang='lat' dir='ltr'>de</span> <span class='ocrx_word' id='word_1_256' title='bbox 145 2836 185 2873; x_wconf 93' lang='lat' dir='ltr'>oc.</span> <span class='ocrx_word' id='word_1_257' title='bbox 205 2839 227 2875; x_wconf 83' lang='lat' dir='ltr'>r.</span> <span class='ocrx_word' id='word_1_258' title='bbox 291 2821 434 2875; x_wconf 65' lang='lat' dir='ltr'>‘tannem</span> <span class='ocrx_word' id='word_1_259' title='bbox 453 2822 596 2876; x_wconf 87' lang='lat' dir='ltr'>dolentem</span> <span class='ocrx_word' id='word_1_260' title='bbox 614 2842 636 2878; x_wconf 85' lang='lat' dir='ltr'>r.</span> <span class='ocrx_word' id='word_1_261' title='bbox 719 2822 869 2877; x_wconf 74' lang='lat' dir='ltr'>bsuccida</span> <span class='ocrx_word' id='word_1_262' title='bbox 888 2825 912 2878; x_wconf 87' lang='lat' dir='ltr'>b.</span> <span class='ocrx_word' id='word_1_263' title='bbox 985 2823 1102 2875; x_wconf 87' lang='lat' dir='ltr'>claudas</span> 
     </span>
     <span class='ocr_line' id='line_1_32' title="bbox 89 2892 1104 2963; baseline 0.003 -21"><span class='ocrx_word' id='word_1_264' title='bbox 89 2892 118 2943; x_wconf 90' lang='lat' dir='ltr'>et</span> <span class='ocrx_word' id='word_1_265' title='bbox 137 2894 199 2957; x_wconf 77' lang='lat' dir='ltr'>(sic)</span> <span class='ocrx_word' id='word_1_266' title='bbox 217 2893 247 2946; x_wconf 88' lang='lat' dir='ltr'>b:</span> <span class='ocrx_word' id='word_1_267' title='bbox 268 2908 317 2947; x_wconf 85' lang='lat' dir='ltr'>cm.</span> <span class='ocrx_word' id='word_1_268' title='bbox 333 2910 355 2946; x_wconf 85' lang='lat' dir='ltr'>r.</span> <span class='ocrx_word' id='word_1_269' title='bbox 475 2898 509 2946; x_wconf 95' lang='lat'>10</span> <span class='ocrx_word' id='word_1_270' title='bbox 528 2895 585 2948; x_wconf 89' lang='lat' dir='ltr'>cod.</span> <span class='ocrx_word' id='word_1_271' title='bbox 604 2900 751 2963; x_wconf 68' lang='lat' dir='ltr'>rfpracter</span> <span class='ocrx_word' id='word_1_272' title='bbox 768 2896 807 2948; x_wconf 81' lang='lat' dir='ltr'>iu.</span> <span class='ocrx_word' id='word_1_273' title='bbox 827 2899 852 2948; x_wconf 84' lang='lat' dir='ltr'>et</span> <span class='ocrx_word' id='word_1_274' title='bbox 869 2895 931 2960; x_wconf 68' lang='lat' dir='ltr'>fia.)</span> <span class='ocrx_word' id='word_1_275' title='bbox 948 2894 1029 2947; x_wconf 83' lang='lat' dir='ltr'>uerbo</span> <span class='ocrx_word' id='word_1_276' title='bbox 1048 2910 1104 2946; x_wconf 73' lang='lat' dir='ltr'>ozon</span> 
     </span>
    </p>
   </div>
   <div class='ocr_carea' id='block_1_7' title="bbox 89 2976 1105 3190">
    <p class='ocr_par' dir='ltr' id='par_1_13' title="bbox 89 2976 1105 3190">
     <span class='ocr_line' id='line_1_33' title="bbox 89 2976 1105 3050; baseline 0.001 -19"><span class='ocrx_word' id='word_1_277' title='bbox 89 2979 260 3048; x_wconf 72' lang='lat' dir='ltr'>transscripsi.</span> <span class='ocrx_word' id='word_1_278' title='bbox 340 2976 484 3049; x_wconf 76' lang='lat' dir='ltr'>parotida⁸</span> <span class='ocrx_word' id='word_1_279' title='bbox 504 2983 528 3036; x_wconf 86' lang='lat' dir='ltr'>b.</span> <span class='ocrx_word' id='word_1_280' title='bbox 616 2987 649 3034; x_wconf 81' lang='lat'>15</span> <span class='ocrx_word' id='word_1_281' title='bbox 668 2980 812 3050; x_wconf 86' lang='lat' dir='ltr'>parotides</span> <span class='ocrx_word' id='word_1_282' title='bbox 834 2981 905 3048; x_wconf 81' lang='lat' dir='ltr'>(bic)</span> <span class='ocrx_word' id='word_1_283' title='bbox 924 2981 947 3034; x_wconf 88' lang='lat' dir='ltr'>b.</span> <span class='ocrx_word' id='word_1_284' title='bbox 1022 2985 1055 3034; x_wconf 78' lang='lat'>17</span> <span class='ocrx_word' id='word_1_285' title='bbox 1075 2980 1105 3032; x_wconf 90' lang='lat' dir='ltr'>in</span> 
     </span>
     <span class='ocr_line' id='line_1_34' title="bbox 89 3046 1104 3120; baseline 0.002 -21"><span class='ocrx_word' id='word_1_286' title='bbox 89 3046 152 3101; x_wconf 91' lang='lat' dir='ltr'>loco</span> <span class='ocrx_word' id='word_1_287' title='bbox 171 3048 233 3117; x_wconf 92' lang='lat' dir='ltr'>ipso</span> <span class='ocrx_word' id='word_1_288' title='bbox 252 3052 352 3103; x_wconf 62' lang='lat' dir='ltr'>xalta</span> <span class='ocrx_word' id='word_1_289' title='bbox 370 3069 392 3105; x_wconf 79' lang='lat' dir='ltr'>r.</span> <span class='ocrx_word' id='word_1_290' title='bbox 485 3057 517 3105; x_wconf 88' lang='grc'>19</span> <span class='ocrx_word' id='word_1_291' title='bbox 537 3051 617 3105; x_wconf 91' lang='lat' dir='ltr'>aliud</span> <span class='ocrx_word' id='word_1_292' title='bbox 637 3052 670 3105; x_wconf 90' lang='lat' dir='ltr'>de</span> <span class='ocrx_word' id='word_1_293' title='bbox 690 3050 812 3120; x_wconf 85' lang='lat' dir='ltr'>expertis</span> <span class='ocrx_word' id='word_1_294' title='bbox 831 3067 879 3116; x_wconf 80' lang='lat' dir='ltr'>cr,</span> <span class='ocrx_word' id='word_1_295' title='bbox 898 3048 978 3102; x_wconf 83' lang='lat' dir='ltr'>aliud</span> <span class='ocrx_word' id='word_1_296' title='bbox 997 3049 1104 3118; x_wconf 87' lang='lat' dir='ltr'>experi-</span> 
     </span>
     <span class='ocr_line' id='line_1_35' title="bbox 89 3120 1102 3190; baseline 0.003 -20"><span class='ocrx_word' id='word_1_297' title='bbox 89 3122 216 3173; x_wconf 89' lang='lat' dir='ltr'>mentum</span> <span class='ocrx_word' id='word_1_298' title='bbox 234 3122 258 3174; x_wconf 90' lang='lat' dir='ltr'>b.</span> <span class='ocrx_word' id='word_1_299' title='bbox 331 3124 366 3173; x_wconf 85' lang='grc'>20</span> <span class='ocrx_word' id='word_1_300' title='bbox 383 3122 503 3190; x_wconf 88' lang='lat' dir='ltr'>prendes</span> <span class='ocrx_word' id='word_1_301' title='bbox 523 3125 546 3190; x_wconf 86' lang='lat' dir='ltr'>b,</span> <span class='ocrx_word' id='word_1_302' title='bbox 566 3121 645 3174; x_wconf 89' lang='lat' dir='ltr'>-dis</span> <span class='ocrx_word' id='word_1_303' title='bbox 665 3141 686 3176; x_wconf 84' lang='lat' dir='ltr'>r.</span> <span class='ocrx_word' id='word_1_304' title='bbox 768 3120 878 3189; x_wconf 88' lang='lat' dir='ltr'>talpam</span> <span class='ocrx_word' id='word_1_305' title='bbox 896 3121 925 3174; x_wconf 88' lang='lat' dir='ltr'>b:</span> <span class='ocrx_word' id='word_1_306' title='bbox 944 3122 1062 3187; x_wconf 87' lang='lat' dir='ltr'>taupam</span> <span class='ocrx_word' id='word_1_307' title='bbox 1080 3138 1102 3184; x_wconf 83' lang='lat' dir='ltr'>r,</span> 
     </span>
    </p>
   </div>
   <div class='ocr_carea' id='block_1_8' title="bbox 87 3191 1103 3563">
    <p class='ocr_par' dir='ltr' id='par_1_14' title="bbox 87 3191 1103 3563">
     <span class='ocr_line' id='line_1_36' title="bbox 88 3191 1102 3304; baseline 0 -28"><span class='ocrx_word' id='word_1_308' title='bbox 88 3191 177 3292; x_wconf 64' lang='lat' dir='ltr'>taipssa</span> <span class='ocrx_word' id='word_1_309' title='bbox 196 3242 217 3280; x_wconf 88' lang='lat' dir='ltr'>c.</span> <span class='ocrx_word' id='word_1_310' title='bbox 292 3242 397 3280; x_wconf 89' lang='lat' dir='ltr'>cacauo</span> <span class='ocrx_word' id='word_1_311' title='bbox 416 3229 440 3295; x_wconf 89' lang='lat' dir='ltr'>b,</span> <span class='ocrx_word' id='word_1_312' title='bbox 460 3228 581 3282; x_wconf 89' lang='lat' dir='ltr'>caccabo</span> <span class='ocrx_word' id='word_1_313' title='bbox 599 3245 622 3282; x_wconf 83' lang='lat' dir='ltr'>r.</span> <span class='ocrx_word' id='word_1_314' title='bbox 680 3232 714 3278; x_wconf 92' lang='grc'>22</span> <span class='ocrx_word' id='word_1_315' title='bbox 729 3229 817 3294; x_wconf 91' lang='lat' dir='ltr'>taupa</span> <span class='ocrx_word' id='word_1_316' title='bbox 835 3242 858 3280; x_wconf 81' lang='lat' dir='ltr'>r.</span> <span class='ocrx_word' id='word_1_317' title='bbox 931 3225 1062 3304; x_wconf 75' lang='lat' dir='ltr'>ungendo</span> <span class='ocrx_word' id='word_1_318' title='bbox 1078 3226 1102 3277; x_wconf 89' lang='lat' dir='ltr'>b.</span> 
     </span>
     <span class='ocr_line' id='line_1_37' title="bbox 90 3293 1103 3366; baseline 0.001 -20"><span class='ocrx_word' id='word_1_319' title='bbox 90 3300 123 3346; x_wconf 81' lang='grc'>25</span> <span class='ocrx_word' id='word_1_320' title='bbox 143 3295 173 3347; x_wconf 89' lang='lat' dir='ltr'>in</span> <span class='ocrx_word' id='word_1_321' title='bbox 192 3295 310 3350; x_wconf 89' lang='lat' dir='ltr'>linteolo</span> <span class='ocrx_word' id='word_1_322' title='bbox 329 3298 468 3366; x_wconf 87' lang='lat' dir='ltr'>suspende</span> <span class='ocrx_word' id='word_1_323' title='bbox 486 3317 508 3353; x_wconf 80' lang='lat' dir='ltr'>r.</span> <span class='ocrx_word' id='word_1_324' title='bbox 618 3302 652 3349; x_wconf 83' lang='grc'>26</span> <span class='ocrx_word' id='word_1_325' title='bbox 671 3295 806 3349; x_wconf 86' lang='lat' dir='ltr'>salicibus</span> <span class='ocrx_word' id='word_1_326' title='bbox 825 3297 872 3349; x_wconf 85' lang='lat' dir='ltr'>br:</span> <span class='ocrx_word' id='word_1_327' title='bbox 893 3293 991 3347; x_wconf 87' lang='lat' dir='ltr'>salm1s</span> <span class='ocrx_word' id='word_1_328' title='bbox 1011 3295 1103 3349; x_wconf 77' lang='lat' dir='ltr'>Marc.</span> 
     </span>
     <span class='ocr_line' id='line_1_38' title="bbox 87 3366 1102 3436; baseline 0 -18"><span class='ocrx_word' id='word_1_329' title='bbox 87 3369 186 3433; x_wconf 67' lang='lat' dir='ltr'>pud,</span> <span class='ocrx_word' id='word_1_330' title='bbox 196 3371 221 3420; x_wconf 84' lang='lat'>5.</span> <span class='ocrx_word' id='word_1_331' title='bbox 277 3372 311 3420; x_wconf 85' lang='grc'>27</span> <span class='ocrx_word' id='word_1_332' title='bbox 330 3367 414 3422; x_wconf 87' lang='lat' dir='ltr'>tectis</span> <span class='ocrx_word' id='word_1_333' title='bbox 433 3371 456 3424; x_wconf 92' lang='lat' dir='ltr'>b.</span> <span class='ocrx_word' id='word_1_334' title='bbox 530 3366 707 3421; x_wconf 85' lang='lat' dir='ltr'>fervunculos</span> <span class='ocrx_word' id='word_1_335' title='bbox 721 3368 771 3436; x_wconf 82' lang='lat' dir='ltr'>(sic</span> <span class='ocrx_word' id='word_1_336' title='bbox 783 3381 886 3433; x_wconf 77' lang='lat' dir='ltr'>seorpcr</span> <span class='ocrx_word' id='word_1_337' title='bbox 903 3371 928 3420; x_wconf 85' lang='lat' dir='ltr'>et</span> <span class='ocrx_word' id='word_1_338' title='bbox 941 3367 973 3418; x_wconf 78' lang='lat' dir='ltr'>la</span> <span class='ocrx_word' id='word_1_339' title='bbox 987 3368 1066 3435; x_wconf 77' lang='lat' dir='ltr'>seqq.)</span> <span class='ocrx_word' id='word_1_340' title='bbox 1080 3381 1102 3420; x_wconf 81' lang='lat' dir='ltr'>r.</span> 
     </span>
     <span class='ocr_line' id='line_1_39' title="bbox 88 3434 1102 3510; baseline 0.002 -23"><span class='ocrx_word' id='word_1_341' title='bbox 88 3440 190 3489; x_wconf 86' lang='lat' dir='ltr'>curant</span> <span class='ocrx_word' id='word_1_342' title='bbox 209 3439 237 3491; x_wconf 85' lang='lat' dir='ltr'>b:</span> <span class='ocrx_word' id='word_1_343' title='bbox 258 3441 340 3491; x_wconf 89' lang='lat' dir='ltr'>sanat</span> <span class='ocrx_word' id='word_1_344' title='bbox 359 3456 381 3492; x_wconf 83' lang='lat' dir='ltr'>r.</span> <span class='ocrx_word' id='word_1_345' title='bbox 446 3445 480 3493; x_wconf 84' lang='grc'>28</span> <span class='ocrx_word' id='word_1_346' title='bbox 500 3455 534 3492; x_wconf 88' lang='lat' dir='ltr'>ex</span> <span class='ocrx_word' id='word_1_347' title='bbox 552 3440 633 3510; x_wconf 65' lang='lat' dir='ltr'>acpto</span> <span class='ocrx_word' id='word_1_348' title='bbox 651 3436 720 3492; x_wconf 88' lang='lat' dir='ltr'>trito</span> <span class='ocrx_word' id='word_1_349' title='bbox 739 3456 760 3491; x_wconf 84' lang='lat' dir='ltr'>r.</span> <span class='ocrx_word' id='word_1_350' title='bbox 816 3434 915 3490; x_wconf 90' lang='lat' dir='ltr'>hordei</span> <span class='ocrx_word' id='word_1_351' title='bbox 929 3435 1060 3491; x_wconf 81' lang='lat' dir='ltr'>imixtam</span> <span class='ocrx_word' id='word_1_352' title='bbox 1074 3453 1102 3490; x_wconf 78' lang='lat' dir='ltr'>r:</span> 
     </span>
     <span class='ocr_line' id='line_1_40' title="bbox 90 3506 349 3563; baseline 0.023 -6"><span class='ocrx_word' id='word_1_353' title='bbox 90 3506 170 3559; x_wconf 87' lang='lat' dir='ltr'>ordei</span> <span class='ocrx_word' id='word_1_354' title='bbox 188 3507 307 3561; x_wconf 83' lang='lat' dir='ltr'>mixtam</span> <span class='ocrx_word' id='word_1_355' title='bbox 326 3511 349 3563; x_wconf 73' lang='lat' dir='ltr'>b.</span> 
     </span>
    </p>
   </div>
   <div class='ocr_carea' id='block_1_9' title="bbox 146 3600 943 3660">
    <p class='ocr_par' dir='ltr' id='par_1_15' title="bbox 146 3600 943 3660">
     <span class='ocr_line' id='line_1_41' title="bbox 146 3600 943 3660; baseline 0.01 -17"><span class='ocrx_word' id='word_1_356' title='bbox 146 3605 279 3646; x_wconf 78' lang='lat' dir='ltr'>Theodorus</span> <span class='ocrx_word' id='word_1_357' title='bbox 293 3608 431 3660; x_wconf 78' lang='lat' dir='ltr'>Prlsclanus‚</span> <span class='ocrx_word' id='word_1_358' title='bbox 447 3609 483 3648; x_wconf 86' lang='lat' dir='ltr'>ed.</span> <span class='ocrx_word' id='word_1_359' title='bbox 498 3608 578 3648; x_wconf 82' lang='lat' dir='ltr'>Rosa.</span> <span class='ocrx_word' id='word_1_360' title='bbox 909 3600 943 3652; x_wconf 77' lang='grc'>18</span> 
     </span>
    </p>
   </div>
   <div class='ocr_carea' id='block_1_10' title="bbox 0 0 1203 3922">
    <p class='ocr_par' dir='ltr' id='par_1_16' title="bbox 0 0 1203 3922">
     <span class='ocr_line' id='line_1_42' title="bbox 0 0 1203 3922; baseline 0 0"><span class='ocrx_word' id='word_1_361' title='bbox 0 0 1203 3922; x_wconf 95' lang='lat' dir='ltr'> </span> 
     </span>
    </p>
   </div>
  </div>
 </body>
</html>
