2392 3922
454 160 458 167 ¹
528 198 693 253 9991999.

466 332 478 361 l

340 432 436 495 XIIII.
459 432 506 493 De
529 433 708 512 querellis
731 436 871 513 cepitis.

168 556 341 629 Querellae
378 558 487 637 capitis
518 558 608 618 variis
641 560 813 637 frequenter
845 577 882 619 ex
914 560 1117 621 accidentibus
1126 557 1168 620 40

92 648 317 727 supcmcniunt,
341 653 380 707 ut
402 644 560 725 aliquando
578 646 615 707 de
635 665 742 725 vapore
766 647 923 726 aliquando
947 648 983 708 (19
1006 649 1116 727 frigore

90 734 129 795 rel
149 735 186 796 de
210 737 335 796 ceteris
358 733 529 795 rationibus
552 733 687 796 accidere
710 733 875 796 videantur.

167 826 268 903 igitur
295 823 420 902 quurmo
444 823 481 884 de
504 841 611 902 vapore
636 823 720 884 dolor
742 825 888 885 insederit
911 827 1014 906 capiti,
1045 834 1115 888 tunc
1142 843 1155 882 o

89 912 238 973 accidente
262 911 322 973 illo
347 911 452 972 dolore
475 930 543 972 cum
568 930 677 991 vapore
702 912 829 991 quodam
852 919 882 974 et
904 931 1047 974 venarum
1071 918 1115 974 in-

89 1002 202 1063 datione
231 1002 423 1061 concutitur.
456 1008 527 1061 tuuc
555 1000 634 1061 oculi
662 1003 831 1082 sanguinei,
859 1009 931 1062 tunc
959 1005 1048 1062 etiam
1072 1006 1116 1063 in·

89 1093 285 1151 wmnietetes
310 1090 424 1149 nimiae
447 1096 653 1168 procurantur.
799 1084 803 1091 '

169 1179 222 1239 his
256 1177 416 1257 gremiolis
448 1177 506 1238 olei
536 1178 647 1238 infusio
675 1177 841 1238 adhibendo
869 1180 933 1238 erit.
987 1196 1062 1257 quae
1090 1181 1117 1239 si

88 1268 157 1327 torte
186 1269 300 1327 minus
330 1264 464 1326 dolorem
491 1269 722 1347 compescuerit,
752 1265 851 1326 oleum
883 1284 1003 1326 roseum
1032 1267 1113 1327 adhi-
1129 1284 1156 1323 19

88 1355 198 1417 temus.
261 1356 353 1415 cuius
386 1355 413 1415 si
444 1356 529 1434 copis
561 1354 705 1435 defuerit,
738 1352 888 1433 gremialis
922 1373 1011 1434 supra
1043 1355 1117 1416 dicti

87 1452 230 1523 quattuor
254 1442 397 1532 partibus
421 1446 501 1504 rosei
522 1461 582 1503 una
605 1445 664 1503 erit
686 1451 716 1503 et
735 1445 812 1504 aceti
833 1462 893 1503 una
916 1443 1114 1505 admiscenda.

201 1728 210 1743 .
231 1686 296 1741 ind.
315 1701 398 1754 capp.
419 1685 452 1738 io
468 1702 485 1739 r
501 1686 561 1754 (qui
582 1686 718 1740 9919999111
731 1687 876 1766 prologum
900 1687 932 1739 in
951 1687 991 1755 b),
1018 1687 1115 1740 deiude

89 1758 159 1812 eutr.
219 1773 246 1811 c.
265 1755 343 1810 liber
359 1753 494 1810 eiusdem.
517 1755 559 1809 De
577 1754 711 1824 querellis
734 1755 836 1826 cepitis
855 1755 937 1825 r(De
955 1755 1076 1825 querelis
1092 1773 1114 1811 c.

87 1826 170 1883 11111
186 1828 241 1897 Β).
305 1832 320 1880 1
342 1826 449 1881 Graeca
464 1826 602 1881 Theodori
616 1827 872 1897 Ρ11991991(9999(1
885 1827 934 1882 199
952 1828 1115 1896 capitutum)

86 1900 165 1954 19199
183 1898 271 1968 99991
290 1897 339 1953 Ρ9.
360 1897 422 1952 Gal.
442 1898 502 1966 gs.
521 1899 662 1966 9119991919
675 1899 733 1966 (lit.
749 1899 784 1967 Ι)
802 1898 863 1953 cI.
958 1903 973 1950 2
994 1899 1116 1951 Initium

87 1970 207 2039 capituli
232 1970 276 2024 sic
298 1968 381 2023 tabet
399 1969 427 2022 b:
455 1967 610 2040 Emergunt
633 1967 747 2041 querele
770 1967 873 2037 cepitis
896 1968 1058 2036 frequenter
1082 1983 1116 2020 ex

87 2040 173 2094 rer-iis
203 2037 408 2093 accidentibus
435 2038 536 2093 causis.
573 2038 648 2092 Nam
674 2039 708 2092 fit
736 2038 850 2110 9991199
877 2039 912 2092 (19
934 2054 1045 2106 vapore.
1084 2039 1116 2091 fit

88 2112 175 2165 etiem
191 2111 232 2164 de
246 2109 375 2180 frigdore
390 2109 490 2162 ceteris
508 2108 669 2163 racionibus
685 2109 853 2165 manifestis.
880 2110 913 2163 fit
928 2125 962 2162 ex
976 2106 1114 2161 coleribus

87 2182 180 2235 fumus
201 2181 334 2249 quidem.
361 2179 460 2234 velex
478 2180 575 2235 919919
599 2180 737 2234 stomachi
757 2179 894 2234 demersio
914 2178 1016 2248 capitis
1031 2195 1116 2246 quam

87 2252 193 2306 medici
214 2251 379 2305 9991991199
403 2251 557 2321 appellunt.
586 2251 632 2305 vel
658 2253 732 2305 certe
751 2269 786 2304 ex
808 2250 951 2320 inproviso
970 2248 1049 2303 velut
1069 2266 1117 2302 ex-

87 2324 207 2378 traneis.
229 2321 278 2376 rel
291 2321 406 2375 incertis
420 2321 470 2390 qui
483 2321 585 2375 nimios
601 2321 711 2376 dolores
725 2321 873 2403 typoribus
888 2321 932 2375 991
948 2319 1115 2390 emigraneis

87 2395 187 2449 iaciat.
222 2392 331 2458 Quibus
350 2393 404 2446 hoc
421 2395 505 2462 pecto
521 2392 727 2448 subveniemus.
748 2409 819 2447 s1eo
834 2409 902 2446 9999
920 2395 1116 2461 temporeque

87 2465 250 2519 necessitas
277 2463 402 2533 coegerit
425 2463 460 2517 de
489 2463 559 2533 ipsis
586 2462 741 2533 typoribus.
768 2463 814 2518 vel
838 2464 873 2517 de
898 2462 970 2517 collo
999 2462 1039 2517 eis
1067 2480 1117 2533 per

88 2536 280 2590 flebotomum
298 2533 465 2604 sanguinem
484 2534 693 2603 (191(19)1191999.
715 2533 818 2605 [Igitur
832 2578 837 2589 .
850 2578 873 2589 ..
990 2540 1006 2588 3
1025 2538 1057 2587 ut
1075 2536 1115 2589 B:

87 2626 139 2662 cnm.
160 2626 200 2678 ry
209 2606 280 2661 Gar.
390 2604 543 2672 aliquando
563 2605 598 2658 de
617 2605 672 2675 (ir.)
689 2607 800 2676 otior:
820 2604 866 2659 rel
881 2605 916 2659 de
936 2606 992 2675 (fr.)
1011 2607 1051 2670 B,
1070 2606 1116 2659 rel

88 2678 177 2747 drig.)
196 2695 222 2731 r.
316 2674 397 2730 4191
416 2676 451 2729 (19
469 2679 543 2745 (cet.)
561 2694 610 2746 cg:
630 2676 676 2730 vel
695 2678 769 2745 (cet.)
788 2677 823 2730 B.
910 2675 1062 2731 videantur
1080 2678 1117 2743 R,

95 2749 236 2802 -dentnr
254 2765 300 2828 rg.
356 2752 372 2799 5
391 2746 527 2801 insederit
544 2748 606 2802 Bb:
626 2746 771 2801 emerserit
783 2765 806 2816 r,
825 2746 949 2818 1991119,
1007 2754 1116 2800 69999-

100 2819 249 2887 irt)dens
273 2817 323 2872 1119
347 2817 427 2871 (19191
449 2819 531 2886 Bru,
559 2818 676 2872 accedet
703 2817 752 2872 ille
776 2817 856 2873 dolor
878 2836 903 2888 9.
1012 2833 1116 2884 repere

89 2891 180 2961 erg
192 2890 264 2945 Gar.
283 2887 364 2958 (μετὰ
382 2889 530 2955 πυρώδους
548 2887 707 2954 αἰσθήσεως
720 2891 779 2958 gc).
853 2897 867 2943 7
888 2887 1058 2943 concutitur:
1078 2889 1117 2941 sic

91 2963 191 3032 13119,
208 2962 294 3015 etiam
310 2961 377 3014 Gar.
393 2960 459 3026 (9911.
479 2961 582 3028 ceput).
600 2967 663 3014 octe
681 2962 750 3013 tunc
764 2962 827 3015 add.
842 2978 871 3030 9:
893 2958 973 3024 Quod
992 2957 1016 3010 si
1034 2955 1116 3008 fortis

91 3032 174 3086 dolor
193 3030 290 3085 fuerit.
384 3034 539 3099 9-p.140‚
559 3037 574 3084 5
590 3056 624 3075 =
639 3031 685 3085 Po.
702 3030 765 3084 aar.
785 3032 887 3099 9991,
905 3035 921 3082 1
937 3047 967 3097 9.
983 3032 1043 3080 315.

91 3109 108 3155 9
127 3119 205 3171 quae
224 3102 286 3157 rB:
307 3099 384 3169 quod
403 3102 448 3171 19.
505 3106 538 3153 10
557 3100 651 3154 minus
670 3120 697 3156 r:
717 3119 768 3156 om.
788 3102 824 3166 B,
839 3116 895 3153 non
910 3105 974 3168 post
992 3096 1117 3150 dolorem

90 3176 155 3229 odd.
175 3175 217 3245 91
232 3174 337 3243 (Neu).
464 3176 494 3224 11
511 3170 668 3241 gremialis:
689 3172 849 3241 ὀμφακίνου
868 3172 915 3224 Po.
932 3168 965 3222 G.
976 3169 1021 3235 (cf.
1043 3167 1115 3221 0999.

88 3282 117 3332 p,
133 3269 159 3331 4,
174 3269 209 3317 11
229 3265 289 3332 ete).
348 3259 504 3330 supradicti
519 3263 562 3315 B:
582 3259 823 3329 ll(suproscripti)
838 3260 853 3313 b
867 3260 912 3327 (9).
992 3261 1023 3309 12
1043 3255 1117 3309 rosei

92 3351 147 3388 999
166 3333 223 3389 9111
241 3353 263 3403 r,
284 3348 370 3386 19999
389 3347 446 3384 unc
464 3330 563 3400 eritB,
582 3330 666 3385 huius
685 3348 747 3402 1999
762 3328 886 3398 iungerit
899 3344 917 3397 9
932 3327 975 3394 (cf.
994 3327 1079 3396 Gar).

92 3412 119 3459 et
134 3405 209 3461 aceti
224 3422 284 3460 una
299 3402 496 3458 emmiscenda
509 3420 537 3456 r:
557 3401 631 3456 99911
644 3404 763 3474 999919
773 3402 810 3469 Β)
824 3397 968 3451 miscendo
981 3399 1038 3467 9Β.
1054 3399 1116 3465 eflb

92 3486 343 3579 autlfgremielis
362 3492 467 3560 partes.
488 3490 548 3545 IIII.
568 3493 597 3544 et
614 3490 696 3545 rosei.
716 3491 736 3544 1.
756 3491 785 3542 et
803 3486 877 3541 aceti
896 3491 916 3542 1.
936 3487 1119 3542 commixtum

93 3568 177 3638 copiti
195 3565 392 3623 mfundrmus.
