2392 3922
127 159 231 223 316.
353 235 362 248 ,
460 155 805 208 resono-nunonoar
868 120 873 127 ’

126 314 308 386 tragacanthi
326 326 362 374 ÷
375 314 397 370 1.
425 313 561 369 trociscos
579 313 667 368 facies
686 313 721 368 de
740 311 860 382 singulis
879 312 1079 382 argumentis‚-
1095 312 1141 367 sic·
1187 310 1189 319 '

127 396 214 464 cabis,
234 398 263 449 et
283 395 350 448 dum
369 410 439 464 opus
458 393 546 449 fuerit
565 391 691 464 singulos
709 391 883 460 manicabit,
902 390 1005 446 sedin
1024 391 1085 446 sole
1102 407 1140 445 ca-

127 475 186 529 lido
205 474 251 530 vel
270 474 300 527 in
314 473 426 528 balneo.
455 474 533 528 lasar
552 490 616 528 cum
629 473 704 527 lacte
722 470 848 526 mulieris
863 469 951 541 solve,
972 475 1003 526 et
1021 470 1048 525 si
1060 470 1141 526 hemi·

131 555 243 609 cranius
258 553 344 623 dolet,
359 553 389 607 in
404 553 464 607 eius
477 556 589 623 partem
602 553 707 608 mittes.
727 551 878 624 [Convenit
888 552 924 606 de
933 550 1139 607 naribus...Pr.

101 678 113 717 s
182 663 229 716 Ad
243 662 286 729 Π,
300 664 337 714 17
353 663 413 728 (50)
432 660 479 714 De
497 658 728 715 maenomcnis
748 660 822 727 (post
840 673 919 728 sang.
939 657 1099 727 adhibere).

197 741 235 801 Et
254 740 278 793 si
297 756 361 793 cum
379 738 457 794 febre
476 739 583 794 fuerint
601 738 728 807 alienati,
747 740 780 791 ut
798 739 828 792 et
841 736 1009 807 vigiliarum
1028 737 1141 792 assidui·

126 823 187 875 tate
202 820 366 890 fatigentur,
387 818 535 874 odoriferis
553 818 707 889 virtutibus
721 816 762 872 eis
782 832 896 870 somnus
911 820 957 871 est
973 815 1141 872 invitandus.
1164 829 1167 834 ’

126 901 221 955 idest
238 900 315 954 frons
330 915 431 953 eorum
450 915 514 953 cum
531 898 706 969 temporibus
721 899 751 951 et
763 896 880 967 naribus
900 899 945 951 est
962 895 1143 967 inunguendi

65 1016 67 1020 -
128 998 162 1035 ex
180 980 309 1035 trociscis
327 979 497 1050 hypnotiois‚
517 978 566 1048 qui
580 978 622 1034 ita
636 976 832 1035 conficiuntur.
859 977 1072 1046 mandragorae
1089 975 1143 1031 cilii

87 1061 199 1130 10÷1‚
219 1060 277 1131 opii
294 1073 331 1121 ÷
344 1060 366 1130 I,
384 1058 550 1128 hyoscyami
569 1057 683 1112 seminis
697 1056 726 1127 a,
746 1057 822 1111 asari
836 1057 865 1126 b,
885 1056 1012 1111 castorei
1024 1056 1055 1126 b,
1075 1055 1144 1111 croci

127 1140 156 1210 b,
185 1140 303 1195 storacis
323 1139 351 1197 b.
380 1138 450 1194 trita
478 1137 574 1192 omnia
602 1137 719 1207 colliges
743 1153 806 1191 curn
834 1153 901 1191 suco
925 1137 1081 1207 papaveris
1102 1136 1143 1190 vel

127 1220 292 1291 hyoscyami
311 1235 386 1288 suco,
406 1221 435 1272 et
448 1217 583 1272 trociscos
598 1217 694 1272 facias.
723 1217 791 1271 dum
804 1234 874 1287 opus
888 1215 985 1285 fuerit,
1006 1233 1072 1271 cum
1090 1233 1144 1271 oar·

128 1318 198 1356 oeno
213 1299 337 1354 solutum
351 1298 497 1367 inungues.
520 1298 574 1352 hoc
589 1299 618 1352 et
635 1296 774 1351 freniticis
792 1298 822 1351 et
840 1295 878 1350 ad
896 1295 1002 1373 capitis
1022 1295 1145 1351 dolorem

128 1377 286 1434 adhibebis.
315 1394 382 1431 nam
400 1379 430 1431 et
447 1376 493 1431 his
512 1376 610 1431 vinum
629 1376 742 1431 omnino
760 1376 924 1446 negandum
940 1378 993 1446 est,
1014 1376 1146 1444 quoniam

88 1473 114 1512 ro
128 1459 235 1512 febrem
253 1456 411 1510 inflammat
430 1459 459 1510 et
478 1473 606 1510 somnum
631 1457 726 1527 fugat,
750 1455 953 1511 alienationem
971 1455 1084 1527 irritat,
1107 1473 1146 1510 ar-

147 1538 347 1592 mdoremovet.
365 1536 406 1606 [et
425 1535 449 1588 si
467 1539 532 1605 post
550 1536 622 1590 haec
641 1535 826 1592 adiutoria..
843 1536 934 1608 ,Pr.].
980 1600 983 1605 ¹

301 1640 349 1695 Aa
363 1641 406 1708 II,
419 1644 456 1695 21
472 1645 533 1713 (62)
552 1642 599 1696 De
617 1642 785 1712 pthisicis
806 1644 855 1710 (ad
872 1643 975 1710 finem).

122 1780 125 1785 ⁴
199 1717 229 1771 si
247 1719 337 1774 nimia
355 1721 441 1782 tussis
460 1720 561 1791 fuerit,
581 1721 686 1777 herbae
705 1721 868 1777 vettonicae
885 1733 922 1783 ÷
936 1721 962 1775 X
981 1737 1048 1776 cum
1065 1723 1146 1778 melle

127 1813 178 1866 per
197 1797 258 1852 dies
276 1799 362 1854 VIIII.
390 1818 458 1855 nam
476 1805 506 1856 et
523 1801 685 1871 pulmonem
703 1802 821 1873 pecudis
845 1803 875 1856 et
897 1818 985 1856 cornu
1005 1802 1146 1857 cervinum

88 1897 115 1936 ao
129 1876 213 1931 simul
232 1880 410 1935 combustum
428 1884 457 1936 et
475 1881 576 1936 tritum
599 1880 682 1936 dabis
705 1881 736 1936 in
754 1881 834 1949 vino,
852 1882 888 1936 et
905 1897 972 1934 mox
990 1881 1144 1936 sanabitur.

129 1958 217 2013 alium
242 1960 273 2014 in
296 1978 371 2030 aqua
399 1961 546 2016 decoctum
572 1963 601 2016 et
627 1961 684 2016 mel
712 1960 871 2017 admixtum
893 1963 1039 2030 sumptum
1068 1962 1147 2017 sedat

128 2039 242 2109 tussim,
268 2045 298 2096 et
324 2041 475 2112 purulenta
503 2041 700 2096 excreantibus
715 2042 861 2096 medetur.
890 2039 1015 2110 corrigia
1045 2041 1146 2096 canina

91 2149 95 2157 ·
129 2118 203 2174 collo
222 2117 359 2191 suspensa
377 2125 429 2176 aut
447 2121 538 2192 digito
558 2121 648 2191 ligato
663 2121 746 2175 sedat
758 2119 867 2176 tussim.
888 2119 1037 2176 masticen
1049 2121 1146 2176 tritam

130 2202 158 2253 et
177 2218 240 2254 cum
258 2201 343 2256 melle
361 2202 480 2257 mixtam
499 2219 563 2256 cum
581 2218 656 2270 aqua
673 2199 767 2256 calida
781 2198 871 2254 bibat.
900 2200 1044 2256 fecithoc
1064 2204 1095 2256 et
1113 2200 1146 2256 ad

89 2294 115 2335 ao
130 2278 272 2334 defectum
286 2279 443 2337 stomachi}
472 2281 534 2336 oleo
558 2281 655 2336 vinum
678 2279 796 2334 misceto
815 2279 844 2331 et
867 2277 895 2331 in
921 2294 954 2332 eo
977 2296 1084 2349 panem
1106 2282 1146 2335 in-

129 2357 263 2427 tinguito,
283 2363 312 2415 et
331 2362 368 2416 ad
387 2361 528 2416 edendum
547 2360 637 2416 dabis.
666 2378 733 2414 nam
752 2357 883 2414 effectum
906 2357 1020 2414 senties.
1046 2361 1102 2416 hoc
1120 2362 1147 2415 et

129 2437 285 2492 maioribus
309 2440 453 2495 aetatibus
475 2441 599 2509 prodest.
627 2458 694 2494 nam
712 2433 741 2494 et
765 2439 943 2493 diatessaron
965 2437 1147 2495 vehementer

128 2517 253 2584 prodest,
273 2519 350 2585 quod
367 2518 407 2594 sic
421 2519 576 2574 conficitur.
604 2518 804 2575 aristolochiae
818 2519 965 2587 rotundae,
984 2519 1147 2588 gentianae,

128 2594 264 2649 bacarum
287 2597 373 2666 lauri,
402 2614 512 2653 murrae
535 2599 634 2654 uncias
660 2599 807 2670 singulas..
827 2600 912 2653 tunsa
940 2601 969 2653 et
997 2599 1148 2655 cribellata

89 2692 115 2732 eo
130 2689 193 2726 cum
215 2674 300 2729 melle
328 2676 435 2745 optimo
459 2677 592 2733 miscebis
622 2683 652 2735 et
680 2679 762 2744 dabis
778 2679 820 2757 ‘in
842 2677 1009 2747 hydromeli.
1039 2680 1094 2752 hoc
1120 2684 1149 2734 et

204 2844 410 2915 ldragaganti
429 2849 453 2902 b.
508 2848 581 2903 facis
601 2851 625 2905 b.
681 2851 790 2920 argutis
804 2850 828 2903 b.
898 2848 1109 2919 demigraneus
1124 2851 1146 2903 b.

131 2921 200 2970 θοῇ
218 2915 311 2971 febres
331 2919 355 2972 h.
428 2918 476 2973 ei.
497 2922 520 2975 h.
595 2925 630 2974 ch
644 2923 775 2988 tympora
793 2921 823 2971 et
841 2934 923 2972 nares
943 2922 959 2975 b
977 2926 1003 2975 et
1022 2921 1084 2989 (qai
1097 2937 1147 2975 om.

131 2990 175 3057 cir)
197 2987 260 3046 aaz.
360 2995 376 3043 9
395 2991 579 3046 mandracore
599 2990 666 3060 cylii
685 2992 701 3045 b
720 2989 790 3059 (oilii
810 2987 891 3056 Gal).
1003 2997 1037 3045 10
1056 2992 1147 3047 semi

131 3062 175 3128 (=
191 3059 305 3114 seminis
324 3058 507 3133 semunciam)
526 3065 550 3118 b.
604 3081 630 3131 y.
650 3077 752 3115 semen.
773 3074 856 3114 asaru
876 3062 1014 3117 castoreu.
1035 3069 1076 3120 οἳ.
1091 3067 1148 3118 sto-

130 3146 202 3185 race.
223 3148 279 3185 ana
296 3130 325 3189 ἱ.
348 3133 410 3187 aar.
467 3139 499 3187 11
520 3133 631 3202 colligis
650 3134 673 3187 b.
740 3135 774 3184 13
792 3129 907 3203 inungis
926 3133 942 3186 b
961 3134 1058 3203 (—ges
1075 3135 1146 3203 aar).

201 3201 345 3257 freneticis
365 3204 453 3259 aasz.
563 3209 598 3257 14
615 3202 681 3256 vino
700 3204 730 3271 b,
754 3215 858 3255 -num
883 3201 1015 3270 aa1(oa·
1031 3224 1100 3260 nam
1119 3210 1149 3262 et

129 3271 226 3325 vinum
245 3273 289 3327 his
308 3292 335 3329 n.
355 3291 378 3329 e.
399 3275 530 3345 omnino).
587 3279 620 3327 15
639 3271 747 3326 febrem
768 3271 833 3326 Gal:
852 3271 946 3328 febres
965 3275 988 3330 b.
1050 3283 1085 3331 19
1100 3283 1147 3333 ue·

96 3438 99 3444 ,
128 3343 223 3450 tna
243 3381 266 3432 a
339 3385 373 3433 22
393 3378 514 3449 corrigia
533 3387 579 3436 ea.
600 3382 623 3435 a.
696 3383 730 3432 22
744 3380 883 3435 mastices
901 3378 1109 3437 tritu...mixtu
1124 3386 1147 3440 o.

129 3454 164 3500 25
184 3449 331 3503 stomachis
351 3451 413 3518 (sic)
433 3452 457 3505 b.
562 3455 596 3503 29
614 3449 712 3503 uncias
731 3450 872 3520 singulas:
892 3467 947 3506 ana
965 3450 1029 3509 ÷I
1047 3452 1075 3508 b.

129 3522 164 3570 30
182 3518 283 3573 misces
303 3516 326 3574 b.
398 3519 553 3589 ydromelle
573 3523 596 3576 b.
