2392 3922
124 169 190 235 348
465 168 812 223 recuro-runonorr

125 331 189 384 fans
207 344 274 383 vero
294 328 343 397 qui
362 331 447 382 natus
466 331 496 382 et
515 327 634 383 alterius
651 327 697 382 lac
715 328 844 399 accipere
864 326 961 397 debet,
983 327 1056 397 quia
1074 327 1152 383 illius

125 410 170 463 lae
189 410 352 462 concretum
370 410 422 463 est.

195 487 323 542 Mulieris
343 487 388 542 lae
407 488 556 543 sibonum
576 491 621 543 est
638 487 681 543 ita
698 487 848 557 probatur,
874 489 908 541 ut
932 485 972 541 sit
994 488 1151 543 candidum

126 572 155 623 et
179 567 300 637 spissum
324 570 354 622 et
377 567 438 623 sine
466 568 525 623 ullo
555 568 649 623 odore.
677 584 762 636 supra
785 565 925 636 ungulam
949 565 1047 621 stillas
1066 586 1151 623 unam

98 651 246 719 oguttam
266 651 295 703 et
313 647 425 703 videbis
445 648 469 702 si
487 649 594 703 bonum
607 647 654 704 vel
669 648 791 717 spissum
805 649 856 701 est.
881 644 951 700 talis
966 645 1048 701 enim
1067 649 1151 704 debet

125 745 186 783 esse
213 728 323 797 nutrix,
350 730 465 797 pectore
493 728 604 798 ampla,
633 730 729 783 aetate
755 726 864 796 media,
889 725 987 780 mollis
1018 731 1094 798 oute,
1122 729 1150 782 in

125 807 255 862 mammis
273 806 384 876 valida,
408 810 438 862 et
461 807 585 877 oblonga
608 805 743 876 capitella
765 806 880 861 habeat.
908 823 963 861 neo
987 807 1049 862 sint
1067 809 1150 878 primi

125 888 199 943 fetus
219 888 255 942 ab
275 887 418 941 infantula
430 887 478 942 vel
492 904 567 942 a1un.
594 889 691 941 castae
706 886 764 941 sint
778 890 845 941 ante
859 887 957 941 omnia
976 889 1007 942 et
1025 890 1148 943 mundae

126 985 222 1024 omnes
241 984 314 1036 quae
328 966 452 1021 infantes
467 966 605 1022 nutriunt.
634 984 740 1036 aquam
757 983 823 1021 vero
841 966 958 1036 penitus
972 985 1035 1022 non
1048 969 1149 1024 bibant

87 1067 112 1106 ιο
126 1065 215 1117 usque
238 1048 269 1102 in
292 1046 352 1101 dies
371 1046 456 1100 XXX.
484 1062 552 1099 nam
575 1046 600 1101 si
622 1047 722 1101 matris
748 1047 902 1101 colostram
928 1047 1016 1101 simul
1044 1048 1149 1104 biberit

126 1129 220 1183 infans
235 1146 299 1182 cum
312 1128 388 1182 lacte
401 1126 528 1197 nutricis,
550 1126 582 1180 in
595 1127 725 1181 omnibus
739 1126 862 1181 validior
877 1129 907 1181 et
920 1126 1075 1182 formosior
1088 1128 1146 1183 erit.

126 1236 173 1289 vl.
202 1235 248 1288 De
266 1233 412 1288 muliere
431 1249 519 1302 quae
540 1232 576 1286 in
598 1249 740 1302 corpore
762 1232 980 1303 pruriginem
1001 1235 1145 1304 patitur.

198 1315 303 1367 Faeoes
321 1313 382 1367 vini
401 1313 548 1368 combures
562 1312 685 1381 vinoque
704 1313 786 1367 suavi
799 1312 1005 1383 commiscebis‚
1027 1317 1058 1369 et
1076 1314 1145 1369 cale-

126 1394 202 1447 facto
230 1392 308 1461 fove,
337 1394 403 1460 post
431 1393 565 1446 corticem
592 1392 654 1462 pini
681 1395 796 1447 tunsum
821 1395 851 1448 et
878 1392 1039 1448 cribratum
1066 1411 1146 1464 super

87 1488 112 1527 15
127 1487 252 1540 asperge.
279 1469 451 1525 frumentum
469 1475 551 1526 vetus
571 1472 601 1525 in
620 1489 696 1540 aqua
715 1473 869 1541 decoques,
889 1472 994 1527 exinde
1012 1472 1094 1542 fove,
1112 1473 1145 1526 si-

125 1550 231 1604 militer
246 1552 387 1618 operatur.
416 1551 440 1603 si
459 1567 530 1604 anus
547 1551 679 1621 doluerit,
698 1551 873 1606 marrubium
892 1552 1029 1608 combure
1044 1556 1074 1608 et
1085 1552 1145 1623 pul-

126 1646 221 1684 verem
238 1629 347 1682 factum
366 1646 492 1699 asperge.

198 1709 227 1763 Si
245 1708 372 1763 mulieris
396 1709 483 1763 vulva
506 1709 604 1763 clausa
623 1709 722 1781 fuerit,
745 1710 792 1766 vel
815 1710 840 1764 si
857 1710 922 1765 loca
940 1709 969 1765 ei
987 1711 1088 1767 dolent
1105 1711 1145 1766 ita

199 1840 213 1888 1
234 1833 283 1902 qui
301 1851 328 1889 n.
348 1850 372 1888 o.
393 1835 446 1889 ba:
466 1833 527 1888 eius
545 1851 570 1906 9.
661 1834 737 1889 lacte
755 1834 856 1888 nutriri
875 1853 900 1906 9.
984 1836 1144 1906 quia-(11)

127 1905 184 1961 erit
202 1923 252 1962 om.
271 1924 295 1976 9.
379 1904 445 1958 osi
463 1905 569 1959 bonum
588 1908 633 1959 est
650 1924 687 1959 m.
707 1906 725 1960 l.
745 1925 771 1961 a.
861 1908 927 1960 4et
946 1905 1029 1976 (sine)
1050 1925 1099 1962 om.
1119 1927 1144 1962 a.

125 1980 243 2047 guttam
267 1993 404 2046 usupra
427 1995 453 2031 ιι.
481 1975 560 2030 stilla
580 1979 653 2031 etv.
673 1994 694 2032 s.
714 1977 741 2030 b.
766 1979 810 2030 est
832 1975 879 2031 vel
902 1994 943 2046 sp.
968 1995 994 2032 a.
1034 1979 1144 2032 oenim

126 2067 176 2103 om.
197 2068 222 2104 o.
306 2057 321 2102 6
340 2048 463 2118 pectoris
482 2047 521 2101 sit
535 2047 631 2116 ampli.
651 2047 737 2102 etatis
751 2047 853 2121 medie.
872 2047 953 2101 molli
968 2051 1034 2103 cute
1049 2068 1074 2105 a.

128 2126 142 2172 7
163 2119 298 2189 capitella
317 2138 346 2175 a:
367 2137 417 2174 om.
438 2122 453 2175 b
472 2121 532 2188 (abi
549 2122 579 2173 et
597 2117 811 2188 oblongahant).
910 2124 925 2171 7
950 2135 1004 2173 neo
1023 2120 1063 2174 sit
1080 2139 1107 2190 p.
1126 2119 1144 2175 f.

126 2193 177 2244 aut
196 2190 338 2245 infantula
357 2209 382 2245 a.
478 2195 494 2244 8
513 2189 560 2244 vel
579 2207 643 2243 a1us
664 2191 726 2258 (eie)
747 2191 775 2244 b:
795 2205 844 2244 om.
865 2208 890 2243 o.
976 2193 1044 2244 ante
1064 2207 1089 2246 o.
1108 2191 1145 2245 sit

126 2264 206 2315 easta
226 2264 255 2315 et
273 2262 386 2315 munda.
408 2260 498 2315 omnis
513 2278 539 2328 q.
555 2260 573 2315 ι.
588 2260 680 2315 nutrit
695 2279 721 2315 a.
786 2264 819 2312 10
838 2259 937 2314 matris
952 2262 984 2315 b:
1008 2262 1114 2317 matrix
1128 2281 1145 2317 a

126 2369 185 2436 (qod
203 2384 271 2422 corr.
291 2366 405 2436 nutrix).
503 2365 625 2421 colostra
643 2386 673 2422 o:
698 2366 789 2420 oolost
807 2368 831 2421 b.
910 2371 942 2419 11
963 2366 1019 2421 erit
1038 2370 1068 2424 b:
1087 2368 1145 2424 effi-

126 2437 217 2491 cietur
235 2455 260 2491 o.
373 2443 403 2490 11
424 2439 497 2491 rubr.
519 2454 552 2491 ex
571 2439 595 2506 b,
615 2439 663 2507 qui
681 2439 751 2494 orale
768 2438 849 2492 addit
867 2439 918 2490 aut
937 2437 961 2490 si
979 2438 1079 2494 ulcera
1098 2441 1144 2509 (of.

124 2509 162 2560 ad
179 2525 203 2561 o.
219 2513 268 2573 18)
287 2506 314 2559 ei
332 2507 432 2560 innata
450 2506 564 2562 fuerint.
589 2511 630 2563 tit.
656 2525 699 2563 om
716 2525 734 2580 9
751 2513 795 2575 (ιιι
811 2525 913 2578 semper
931 2512 976 2576 a),
1000 2512 1146 2580 quilebet

124 2576 210 2630 XVII.
235 2578 267 2630 ιιι
290 2579 381 2631 indice
403 2580 458 2632 duo
482 2578 607 2646 capitula
621 2587 745 2648 ponant,
764 2581 779 2635 ι
797 2579 839 2633 De
862 2577 980 2633 muliere
1004 2579 1028 2634 si
1072 2580 1144 2635 ruri·

124 2646 220 2715 ginem
243 2646 273 2699 in
297 2663 412 2716 corpore
435 2647 569 2702 habuerit
593 2650 644 2719 (De
667 2649 813 2720 prurigine
835 2649 961 2704 mulieris
980 2653 1018 2720 a).
1070 2669 1144 2707 em.

124 2716 170 2771 oui
194 2716 258 2770 sifin
276 2721 324 2786 (=
345 2717 424 2788 fisin)
444 2717 462 2773 i.
487 2736 588 2789 corpus
612 2720 690 2775 dolet
713 2721 769 2790 (De
793 2721 889 2776 dolore
918 2719 1016 2791 silingi
1039 2721 1058 2777 i.
1085 2740 1144 2777 eor-

124 2788 200 2858 poris
219 2791 255 2859 a).
355 2795 388 2842 13
408 2789 554 2845 combures
574 2794 602 2846 b:
630 2790 689 2845 -is
707 2810 755 2862 99.
854 2791 1011 2863 etvinop,
1032 2796 1145 2849 etcum

124 2860 190 2915 vino
210 2879 235 2915 o.
346 2860 509 2916 commisces
529 2865 582 2932 bo,
602 2895 636 2902 —
655 2878 720 2916 oens
738 2880 763 2932 9.
855 2866 885 2918 et
904 2860 955 2916 oal'
977 2865 1001 2933 b,
1021 2867 1050 2919 et
1070 2865 1144 2920 eale-

124 2967 232 3021 faotum
250 2985 298 3038 99.
380 2972 413 3021 14
432 2970 532 3037 postea
551 2987 599 3039 ay.
673 2935 759 3022 irbatr'r
779 2970 803 3035 b,
823 2967 1005 3023 cribellatum
1023 2988 1071 3041 99.

125 3055 208 3108 super
228 3055 345 3107 asperge
365 3041 393 3094 b:
417 3038 448 3092 in
472 3056 505 3093 ea
528 3039 593 3093 loca
616 3054 734 3108 asperge
753 3055 783 3103 a,
806 3035 953 3104 pulverem
975 3040 1006 3093 in
1025 3057 1060 3095 ea
1080 3040 1143 3096 loca

125 3126 243 3232 asperge
262 3128 287 3180 9.
362 3116 395 3163 15
416 3110 555 3193 decoques
575 3112 604 3190 et
621 3108 686 3163 fove
700 3110 724 3175 b,
744 3106 869 3188 decoque
886 3107 990 3190 exinde
1009 3111 1082 3194 fove.
1105 3112 1143 3166 si-

123 3183 524 3321 ffltlfflalfsslllluld’r⁰⁰q
541 3178 1142 3328 §illstttttlttfftloetlitt

124 3336 243 3390 asperge
261 3340 286 3393 9.
356 3327 389 3375 18
405 3321 446 3377 si:
465 3323 530 3376 dido
547 3337 647 3375 ooowm
664 3319 817 3388 capitulam
828 3319 882 3398 litt.
901 3321 1009 3375 initiali
1023 3322 1142 3380 Srobro

122 3394 226 3460 scripta
244 3394 384 3473 siqnidem
402 3411 426 3447 a.
479 3461 485 3472 ι
540 3390 626 3445 vulva
645 3388 743 3470 clausa
761 3407 788 3455 a,
806 3387 894 3470 vidua
914 3392 977 3458 (sic)
998 3392 1097 3448 clausa
1114 3414 1140 3466 9,

124 3460 241 3515 vulnera
259 3480 290 3514 ιιι
304 3479 391 3516 eausa
405 3461 530 3533 (fuerunt)
546 3463 569 3516 b.
625 3463 655 3513 et
672 3459 689 3513 l.
707 3476 766 3513 e1us
782 3457 905 3513 doluerat
917 3478 942 3530 9.
997 3462 1096 3518 dolent
1110 3469 1139 3522 b:

124 3528 252 3584 dolentia
271 3535 337 3586 sunt
355 3552 380 3587 a.
454 3532 497 3586 ita
516 3534 549 3585 ut
567 3538 613 3586 cte.
633 3531 662 3584 b:
682 3532 711 3584 et
729 3548 755 3585 ι.
774 3548 801 3599 p.
822 3546 845 3584 o.
864 3548 892 3599 p.
912 3531 1000 3585 sentit
1014 3552 1038 3587 a.
