2392 3922
340 181 573 235 nuromsrou
591 181 851 237 ranuounnou.
959 169 962 175 '
1088 187 1109 249 5

91 350 173 411 lostior
194 349 298 409 fuerit
324 347 494 426 aegritudo.
540 349 567 406 si
591 348 659 426 quis
686 349 779 426 igitur
806 350 839 409 in
867 367 939 410 sene
962 357 992 409 et
1016 370 1108 428 quan-

91 438 275 516 tulaecunque
309 436 461 496 scientiae
489 435 606 495 medico
636 436 712 496 hanc
745 437 912 516 simplicem
944 442 1108 500 curationis

90 531 147 589 run
184 525 462 603 inlaboratamque
500 526 645 605 miratur,
681 528 797 586 noverit
829 545 876 586 me
910 528 942 587 in
979 534 1106 607 utroque

89 634 177 697 gerere
201 616 314 676 iacere
336 631 431 692 quam
449 612 547 672 dicere
571 615 671 691 potius
694 613 829 694 elegisse.

266 755 310 817 11.
335 755 387 815 De
410 754 672 816 iniectionibus
692 755 912 844 capiliorum.
1134 787 1147 828 ⁵

158 865 209 925 Ad
244 863 546 940 denigrationem
579 861 792 940 capillorum
826 881 947 940 spumae
981 859 1137 946 augentii)

90 962 169 1016 lerze
192 950 357 1031 cimoliae,
381 949 471 1010 calcis
488 952 571 1010 vivae
595 952 763 1011 semuncias
782 952 913 1029 singulas
932 954 1018 1013 tritas
1038 973 1106 1014 cum

89 1061 148 1123 aqua
164 1040 346 1102 identidem
367 1041 481 1099 conteri
494 1038 586 1099 iacies
604 1058 700 1118 usque
719 1041 751 1099 in
769 1040 982 1118 pinguedinem
1000 1042 1106 1124 mellis,

90 1129 254 1211 etcapillos
279 1128 385 1189 linies.
427 1126 615 1188 linimentum
637 1146 708 1187 vero
732 1146 800 1189 cum
828 1131 941 1189 siccare
965 1133 1106 1210 coeperit,

90 1218 140 1281 lota
159 1218 306 1280 fricando
331 1217 477 1277 discuties
499 1223 530 1276 et
547 1216 658 1277 lavabis
682 1234 718 1276 ex
741 1235 842 1298 pusca,
864 1219 897 1277 in
920 1236 977 1296 qua
996 1225 1106 1277 terram
1121 1229 1147 1268 1⁰

90 1308 228 1369 cimoliam
263 1307 505 1367 commiscueris.
560 1324 598 1366 ne
633 1311 732 1366 autem
768 1307 918 1366 ustionem
954 1324 1107 1386 procures,

91 1398 257 1477 irequemer
282 1412 356 1455 curn
383 1392 479 1454 lavare
507 1396 642 1472 coeperis
670 1393 735 1454 loca
758 1394 823 1454 oleo
847 1413 934 1455 roseo
958 1394 1106 1473 irrigatis.

165 1486 244 1547 lerri
269 1484 461 1563 purgationis
488 1489 518 1542 et
545 1501 666 1543 rasurae
694 1482 809 1562 plumbi
836 1486 939 1544 uncias
964 1502 1050 1544 senas
1075 1487 1106 1545 in

91 1576 219 1635 nunriis
254 1570 358 1633 tribus
390 1573 467 1632 aceti
502 1572 609 1631 viscidi
642 1590 753 1650 coques
785 1579 819 1632 ut
847 1573 883 1632 od
915 1573 1107 1633 medietatem

91 1671 201 1724 coctura
220 1662 391 1742 perveniat.
423 1661 461 1720 de
479 1659 534 1720 hac
553 1662 688 1720 coctione
708 1660 880 1740 frequenter
898 1661 963 1722 loca
986 1661 1147 1722 lavabis1⁵

91 1751 147 1812 oleo
168 1770 209 1812 ne
236 1751 406 1828 contingas.

153 1895 168 1941 1
187 1886 222 1940 in
242 1901 312 1939 sene
331 1884 356 1938 dc
374 1901 401 1953 q.
421 1901 458 1938 sc.
476 1882 586 1938 medico
605 1885 633 1938 Β
651 1890 677 1939 et
693 1885 753 1953 (om.
773 1883 892 1955 medico)
908 1885 979 1953 eet,
997 1885 1028 1938 in
1042 1902 1108 1940 sene

39 2014 41 2023 ,
90 1958 141 2028 iq.
156 1975 193 2012 sc.
203 1954 324 2010 modico
337 1957 378 2010 oic
391 1961 457 2011 etr:
471 1954 533 2008 inse
546 1954 720 2023 nequantule
735 1961 824 2024 cique
839 1955 939 2009 scienti
970 1956 1107 2010 modicob

90 2029 214 2156 riar.
227 2025 597 2167 excruciemur
615 2025 780 2165 mititte
794 1973 1109 2166 initiet->otc

89 2172 207 2240 deletum
225 2168 350 2238 elegisse
368 2187 384 2222 r
398 2195 432 2213 =
446 2167 599 2236 potiusq’in?
608 2170 656 2236 (sic
670 2169 732 2232 del.)
749 2168 867 2238 elegisse
887 2169 1058 2235 blcomoromo‘
1075 2186 1110 2224 coo

88 2243 156 2307 fonte
173 2243 290 2308 errore).
394 2243 409 2292 5
429 2240 546 2308 (Reor).
568 2239 608 2293 De
627 2238 828 2292 infectionibus
848 2238 1014 2307 capillorum
1032 2239 1052 2293 I.
1072 2242 1108 2306 B,

89 2312 184 2384 Incipit
193 2309 431 2378 Theodoriil-ri
440 2314 464 2379 c)
473 2309 620 2379 priscianii
628 2309 703 2379 (-ni
713 2313 737 2378 c)
747 2311 833 2380 logici
844 2310 955 2364 fenomo
962 2312 987 2378 (e
997 2312 1109 2381 corr.)ni

96 2384 273 2438 l'enomenus
295 2384 318 2450 c)
337 2380 411 2434 liber
428 2380 534 2450 primus
554 2381 612 2450 (lib.
627 2382 641 2434 I
655 2385 678 2451 c)
698 2380 782 2434 datus
801 2382 838 2434 ad
856 2381 1046 2435 thimotheum
1065 2384 1110 2451 (ti-

89 2457 231 2510 motheum
250 2456 275 2522 c)
296 2450 419 2506 feliciter
437 2454 511 2521 (hoec
529 2470 597 2508 corr.
620 2453 676 2508 Get.
697 2455 745 2520 qut
761 2454 844 2507 'dedit
863 2453 899 2506 ad
914 2453 945 2508 T.
964 2453 1109 2525 fratrem),

89 2525 123 2580 De
140 2524 304 2580 infectione
327 2522 538 2589 (infectionibus
558 2525 627 2593 iod.)
647 2521 815 2590 capillorum
834 2525 865 2592 b(
880 2527 898 2592 ).
954 2530 969 2577 6
984 2525 1028 2578 Ad
1043 2525 1070 2580 d.
1086 2542 1109 2581 c.

90 2601 140 2665 ric)
154 2599 196 2665 Β,
217 2593 391 2664 Denigratio
410 2611 424 2648 c
441 2595 511 2649 Get:
531 2612 581 2650 om.
602 2597 651 2661 br,
670 2594 703 2646 ut
725 2593 801 2665 nigri
819 2595 890 2647 fiant
908 2596 989 2649 titolo
1003 2598 1067 2650 odd.
1087 2615 1108 2651 c.

90 2672 198 2740 trigue
216 2667 307 2738 pond.
318 2668 354 2733 (3.
373 2675 395 2719 1.
414 2668 463 2734 ter)
481 2667 590 2720 habeto
609 2672 635 2720 et
649 2668 726 2734 (sein.
741 2665 774 2735 I)
791 2683 807 2718 r
825 2668 868 2720 oti
890 2682 946 2719 ana
966 2667 1111 2720 semuncia

88 2740 112 2793 Β
129 2737 305 2806 -ρεωιιηοίᾱε
325 2735 452 2806 singulas
474 2737 551 2806 eet).
660 2736 776 2790 tritas-
789 2735 882 2789 mellis
903 2738 929 2789 Β
947 2736 1018 2792 Get:
1037 2741 1110 2791 tere-

90 2810 106 2863 ·i
118 2815 213 2881 corr.)s
231 2807 313 2878 (teris
328 2810 353 2876 r)
367 2806 411 2859 ita
430 2823 492 2860 cum
511 2824 586 2876 aqua
605 2808 637 2860 ut
656 2807 693 2861 sit
712 2808 790 2875 adp.
809 2826 845 2862 m.
866 2809 909 2861 br.
992 2816 1007 2862 9
1027 2808 1109 2861 linies

87 2882 112 2934 Β
130 2882 203 2937 Gal:
224 2878 337 2933 illinies
357 2879 400 2932 br.
483 2895 547 2932 cum
566 2878 671 2932 siccare
691 2877 815 2947 coeperit
834 2880 861 2932 Β
882 2879 954 2934 Get:
974 2896 1038 2932 curn
1057 2879 1109 2930 sic-

87 2952 189 3007 cos-erit
210 2953 250 3007 br
345 2956 379 3003 10
393 2951 423 3003 ei
437 2965 471 3002 ex
484 2966 572 3018 pusca
586 2949 696 3003 lavabis
707 2953 785 3019 (seqq.
796 2952 857 3018 om.)
871 2966 906 3002 ne
921 2949 1031 3002 ustione
1051 2949 1109 3014 (sie)

86 3040 223 3093 procures.
259 3020 332 3075 Oleo
359 3036 440 3074 roseo
462 3020 643 3088 postmodum
669 3023 754 3090 caput
777 3023 873 3088 (caput
892 3037 941 3073 om.
961 3022 985 3084 r)
1008 3032 1109 3085 perun-

86 3113 149 3166 gues
168 3098 215 3151 br.
296 3097 329 3145 11
349 3092 370 3146 t.
391 3090 542 3159 cymoliam
560 3091 658 3144 tritam
666 3093 701 3146 B.
766 3106 897 3159 procures
917 3092 942 3156 (b
963 3089 1047 3152 Geli:
1066 3087 1108 3139 in-

86 3183 185 3222 curras.
205 3179 346 3235 procures
367 3163 385 3229 (.
401 3206 407 3216 .
423 3205 429 3216 .
444 3161 588 3231 irrigabis)
607 3163 642 3216 Β.
692 3168 723 3215 13
737 3161 935 3231 purgationem
954 3159 983 3210 et
996 3173 1108 3210 rasuras

87 3242 186 3305 -1-rarn
199 3237 276 3304 θεῖ.)
291 3253 319 3304 p.
338 3232 437 3286 uncias
453 3235 570 3287 senasB
582 3234 653 3288 Get:
668 3233 808 3302 purgatio.
826 3236 829 3300 Ι
847 3232 875 3284 et
889 3234 987 3280 rasura
997 3231 1074 3296 (-ra
1084 3232 1108 3296 r)

85 3380 107 3486 p.
125 3323 171 3419 ii..
188 3374 225 3423 ÷
247 3357 362 3428 (uncias
384 3373 465 3410 senas
483 3361 508 3428 r)
523 3359 548 3412 b.
606 3353 1022 3410 incommemoratum.
1075 3353 1109 3404 de

102 3434 260 3490 ,cneus
277 3427 476 3484 etexindebr.
524 3428 684 3495 frequenter
698 3427 794 3480 locoB
805 3425 877 3478 Get:
896 3423 960 3476 loca
980 3423 1109 3491 frequen-

86 3509 145 3562 tari
155 3505 233 3575 (loco
248 3520 302 3558 om,
313 3503 360 3569 a),
442 3503 474 3552 16
493 3499 555 3552 oleo
569 3515 604 3552 ne
619 3498 767 3566 contingas
778 3498 812 3550 br
824 3494 882 3549 oet.
893 3490 998 3564 (ἐλαίου
1008 3496 1109 3564 ἀπεχό-

87 3597 160 3645 μενος
176 3577 244 3634 Gal.
259 3574 337 3641 XII,
353 3573 411 3624 445
426 3570 460 3635 cf,
476 3569 558 3625 XIV.
568 3572 648 3639 391):
666 3571 695 3623 et
710 3567 772 3623 oleo
788 3565 901 3624 anetino
916 3565 1063 3641 continges
1076 3567 1111 3624 Β.
