2392 3922
348 164 586 219 Eusomsson
603 167 861 221 PAENOMENON.
1077 167 1120 232 69

98 328 206 391 nuere
235 330 426 409 sanguinem
454 328 562 389 eliciat
607 338 711 409 postea
733 350 803 392 vero
827 334 985 393 transactis
1013 335 1120 411 primis

96 418 189 479 &bus
224 417 346 497 quibus
384 417 487 478 fervor
519 417 670 480 observari
700 422 867 501 consuevit,
900 439 969 480 cum
1003 424 1118 483 saniare

96 508 231 588 mperit,
265 524 380 567 ervum
407 507 516 566 tritum
544 525 612 567 cum
638 507 725 568 melle
753 508 870 569 udueri
902 511 1036 590 impone,
1068 518 1120 571 aut

96 594 173 657 taos
190 594 358 674 pulverem
378 612 449 655 cum
467 594 556 655 melle
574 595 748 675 despumato
768 596 915 657 similiter.
953 617 1028 676 quae
1047 617 1117 658 vero

96 684 259 745 infessos-e
283 684 418 765 fuerint,
446 702 552 763 spuma
574 686 689 763 argenti
712 704 784 745 cum·
803 684 891 746 melle
914 688 985 746 trita
1008 693 1039 746 et
1061 689 1116 747 im-
1144 700 1158 741 s

96 774 180 853 posita
216 775 372 833 continuo
408 774 535 850 mitigat.
593 773 856 852 praefomentanda
893 781 963 834 sunt
1004 777 1119 835 interea

95 860 206 921 minero
230 878 315 940 aqna
339 859 449 939 gelida

173 952 269 1010 etiam
294 951 352 1029 qui
375 948 524 1009 humanos
545 967 663 1010 morsus
681 951 845 1031 patiuntur,
868 949 1016 1010 similibus
1036 951 1118 1011 adiu-

97 1040 171 1099 toriis
192 1037 388 1118 supradictis
410 1036 658 1117 perennabuntur.

174 1128 300 1187 sivero
317 1126 369 1187 his
388 1125 593 1187 accidentibus
611 1126 787 1187 vulneribus
806 1129 896 1187 etiam
915 1144 1024 1186 nervus
1043 1127 1119 1186 forte
1130 1125 1171 1188 67

98 1214 390 1296 tansmisimus,
409 1216 441 1274 in
460 1232 519 1293 quo
533 1233 620 1293 grave
635 1214 802 1294 periculum
821 1215 993 1294 frequenter
1012 1217 1119 1294 evenit,
1133 1230 1159 1269 11

99 1304 167 1363 cufis
191 1304 339 1365 ciusdem
357 1303 491 1363 vulneris
513 1304 671 1382 patefactio
691 1305 776 1383 prius
794 1304 908 1364 diutius
927 1303 1120 1363 custodienda

41 1454 43 1459 ,
97 1400 149 1472 est,
170 1392 209 1453 sd
233 1394 358 1453 umoris
381 1409 420 1452 ex
441 1390 564 1453 vulnere
587 1394 735 1453 venientis
759 1392 968 1473 digestionem,
992 1410 1060 1452 cum
1083 1410 1120 1451 cx

97 1478 145 1541 bot
173 1482 315 1560 impetus
340 1488 372 1540 et
399 1479 518 1540 dolores
545 1482 638 1541 avesti
664 1483 789 1560 possint.
835 1482 1008 1560 frequenter
1031 1482 1121 1540 etiam

41 1640 48 1651 ,
99 1568 174 1629 ferro
210 1569 295 1630 hanc
334 1570 536 1629 anastomosin
576 1568 738 1649 procubare
775 1568 926 1630 debemus.
982 1571 1121 1629 convenit
1135 1581 1161 1623 1⁶

97 1658 206 1717 interea
230 1676 309 1737 prae
329 1656 470 1717 omuibus
489 1659 578 1718 etiam
595 1658 644 1718 his
662 1657 854 1718 flebotomum
877 1657 1027 1737 adhibere,
1050 1676 1119 1719 con-

97 1746 174 1805 tenit
196 1748 295 1807 etiam
319 1763 373 1806 eos
395 1748 510 1806 ventris
534 1748 709 1825 purgatione
733 1748 836 1806 iuvari.
882 1765 1025 1826 aquarum
1049 1764 1119 1806 sane

97 1832 264 1895 tabidarum
293 1834 426 1894 fomenta
452 1834 590 1912 fugienda
614 1842 696 1914 sunt,
724 1852 800 1915 quae
824 1834 998 1913 putredines
1022 1841 1052 1894 et
1074 1837 1119 1895 in-

96 1922 288 2001 dignationes
318 1941 407 2002 saepe
434 1931 677 2002 procuraverunt.
724 1923 776 1984 sed
805 1922 870 1983 oleo
899 1922 1050 1982 sabinensi
1072 1922 1119 1981 vel

95 2010 173 2071 dulci
205 2011 316 2090 tepido
349 2018 400 2071 aut
432 2018 513 2072 ceste
546 2019 662 2072 vetusto
695 2011 868 2090 frequenter
899 2010 1022 2070 vulnera
1054 2012 1118 2087 ipsa
1133 2023 1160 2064 2⁰

94 2100 218 2160 fouenda
255 2106 336 2160 suut.
386 2099 482 2159 viride
514 2118 583 2160 vero
617 2100 715 2160 oleum
747 2100 794 2159 vel
826 2098 967 2179 gremiale
998 2100 1118 2175 penitus

93 2188 249 2249 uitandum
273 2195 329 2248 cst.
375 2195 445 2248 utor
471 2195 600 2249 attamen
626 2196 694 2268 post
722 2190 965 2249 sementationem
990 2184 1048 2245 olei
1070 2206 1118 2246 ca-

163 2331 179 2376 1
200 2322 307 2378 eliciat
324 2321 439 2391 (eliceet
457 2325 482 2393 r)
501 2324 540 2379 B:
565 2323 651 2377 eiciat
669 2324 754 2378 odet.
863 2321 1117 2376 transactis-con-

92 2394 186 2449 suevit
206 2394 312 2449 odola
331 2410 382 2449 om.
401 2394 457 2448 ΥΒ.
512 2399 528 2448 2
548 2411 612 2448 cum
630 2393 741 2448 soniare
760 2393 866 2464 (sanari
880 2395 918 2462 Β)
937 2393 1043 2475 ceperit
1056 2396 1116 2450 rB:

91 2486 139 2521 on.
160 2465 254 2521 bGel.
331 2463 462 2534 igelida
480 2466 527 2519 rB
539 2466 610 2521 Get:
629 2464 736 2535 frigido
754 2467 778 2520 b.
856 2463 1031 2519 8simi11bus
1050 2468 1118 2535 (ete-

92 2537 149 2591 nim
169 2536 242 2592 aad.
263 2535 336 2605 aas.)
354 2539 404 2590 rb:
424 2534 563 2590 similibus
583 2540 632 2591 dm.
652 2538 688 2591 B.
784 2540 800 2588 9
820 2536 849 2588 et
867 2536 1001 2605 (suprad.)
1021 2539 1036 2590 b
1056 2540 1117 2605 (om,

91 2610 138 2663 [Β
150 2608 237 2676 Get).
349 2604 719 2676 10f01teGel.(f01tesr):
739 2624 789 2661 om.
810 2607 866 2661 bB.
971 2607 1119 2660 mevenit

90 2681 136 2734 rB
147 2680 227 2735 Get:
253 2676 370 2731 eveniat
394 2678 418 2731 b.
526 2683 559 2731 12
584 2677 656 2731 cutis
680 2676 806 2731 eiusdem
829 2677 953 2730 vulneris
977 2680 1005 2746 b,
1030 2677 1117 2731 coctis

89 2750 221 2803 eiusdem
240 2746 369 2801 vulneris
389 2748 461 2803 Get:
485 2748 563 2802 cuius
584 2747 751 2818 (patefactio
769 2747 847 2818 prius
871 2748 1056 2802 custodienda
1075 2750 1118 2802 est

87 2825 135 2889 ss'c)
154 2822 193 2875 B.
292 2818 449 2888 patefactio
468 2819 528 2875 bB:
549 2821 613 2873 -to
631 2819 717 2874 rGel.
809 2825 841 2872 13
860 2819 1000 2873 venientis
1018 2819 1117 2873 roei:

90 2892 240 2947 veniemus
260 2890 291 2943 B
308 2888 357 2971 (ab
376 2888 492 2944 humore
511 2907 545 2944 ex
562 2909 589 2944 v.
608 2889 738 2944 veniente
752 2891 787 2959 b).
860 2907 924 2943 cum
943 2890 1041 2945 bGela
1061 2904 1117 2955 quo

86 2966 142 3019 sB‚
254 2966 291 3015 14
308 2962 432 3030 impetus
451 2963 480 3014 et
498 2960 617 3030 dolore(i
635 2963 674 3030 r)s
693 2961 742 3015 rB
748 2961 821 3015 Get:
840 2960 945 3015 doloris
963 2959 1071 3027 impetu
1091 2974 1115 3011 a.

88 3035 190 3105 possit)
211 3036 236 3088 b.
317 3039 352 3085 lo
372 3031 566 3085 anastomaein
583 3033 643 3102 (sic)
661 3033 717 3086 rB.
796 3036 829 3084 16
849 3031 935 3084 etiam
953 3027 998 3081 his
1016 3029 1052 3094 B,
1071 3026 1116 3079 his

87 3124 146 3175 som.
167 3105 275 3173 etiam)
290 3121 318 3158 r:
338 3101 384 3155 his
403 3101 490 3156 etiam
509 3104 568 3158 Get.
584 3106 646 3170 (om.
661 3104 695 3171 b).
769 3107 802 3154 16
817 3100 1005 3154 debotismum
1019 3099 1078 3165 (sic)
1088 3098 1116 3151 B

87 3173 284 3245 (flebotomari
303 3175 340 3242 b).
416 3178 448 3226 18
462 3172 626 3243 putredines
646 3175 675 3226 et
692 3170 903 3243 indignationes
921 3168 1002 3222 er:
1021 3168 1115 3236 putre-

87 3248 160 3303 dinis
180 3252 214 3304 et
232 3243 448 3315 indignationis
463 3244 623 3297 occasiones
644 3244 702 3299 aas.
775 3248 810 3295 20
828 3242 903 3294 certo
920 3256 969 3292 om.
984 3257 1000 3292 r
1013 3239 1115 3307 (sotus).

86 3328 115 3374 21
135 3319 270 3376 fovenda
289 3315 378 3371 er:
397 3314 581 3369 fomentando
600 3315 658 3370 Get.
737 3314 802 3366 sunt
820 3311 900 3365 er:
920 3311 1002 3361 erunt
1021 3309 1079 3364 Get.

86 3398 117 3446 tt
133 3392 297 3449 vitandum
318 3386 368 3442 rB
378 3385 450 3441 Get:
470 3384 635 3440 evitandum
653 3387 676 3440 b.
732 3386 797 3438 utor
815 3382 942 3434 attamen
960 3398 985 3435 r:
1007 3382 1040 3433 ut
1054 3381 1117 3433 orat

85 3487 112 3537 ni
128 3486 152 3553 b,
172 3486 209 3538 nt
229 3494 289 3535 ora
308 3477 409 3528 tamen
423 3474 463 3529 B:
481 3475 552 3528 hore
569 3474 666 3527 temen
682 3474 739 3529 Get.
813 3466 869 3522 olei
881 3456 919 3521 {S
939 3468 1026 3522 solius
1045 3472 1116 3523 tere-

84 3548 192 3612 bintine
213 3548 323 3609 resine
343 3547 369 3600 b.
