2392 3922
46 1298 52 1479 l

132 326 172 413 ip.
185 325 351 394 128-29
368 332 413 390 sic
423 323 564 414 (Vindob.
575 333 593 393 f.
606 331 691 395 7⁸==

130 421 255 492 vindoc.
268 420 288 480 i
300 413 404 503 57⁸2)
417 466 473 502 ‚,...
488 423 520 481 in
536 439 611 501 aqua
625 422 692 483 diu-

132 513 225 571 rrtiea
236 509 386 571 omnibus
395 508 517 571 munitu
525 517 564 571 te.
576 510 692 572 Interea

131 599 196 658 rolo
222 600 326 659 amice
351 597 421 661 lum>
446 595 573 679 qm...“
613 648 620 661 .

173 706 331 768 Prisciani
342 713 444 768 tamen
459 724 553 786 pauca
564 708 707 787 quaedam
722 708 841 769 aliunde
856 711 945 775 etiam
956 712 1119 789 sumpsisse

95 795 266 875 Garipotum
288 795 453 874 singularis
473 797 659 875 quorundam
678 796 782 857 Galeni
802 796 949 858 librorum
967 801 1043 858 ratio
1067 800 1118 859 do·

96 894 142 945 ret
163 886 237 946 riam
264 885 364 945 codex
387 884 471 946 Leid.
490 885 572 946 Voss.
596 885 643 946 lat
668 879 959 970 f01.85(s.xlsx11
982 889 1013 946 in
1036 887 1119 947 ltalia

97 977 218 1054 scriptus
247 981 283 1034 et
307 973 772 1054 litterarumlangobardicarum
797 975 922 1036 subinde
945 978 1119 1061 memoriam

96 1057 251 1146 prudens),
288 1065 344 1142 qui
376 1081 457 1123 nunc
489 1063 611 1124 mutilus
634 1059 679 1125 24
706 1063 844 1125 loliorum
872 1065 973 1125 idest
1000 1072 1119 1143 quater-
1152 1080 1156 1091 ·

97 1157 209 1214 nionum
245 1153 347 1212 trium
370 1151 542 1213 VllIl—Xl
569 1146 615 1237 (in
643 1153 749 1213 eodem
778 1153 927 1213 volumine
950 1171 1030 1213 nunc
1063 1152 1118 1212 alia

97 1262 112 1301 s.
128 1243 180 1302 ΧΠ
206 1235 240 1302 et
258 1239 290 1300 X
308 1240 460 1302 habentur
479 1242 591 1302 adnexa
609 1242 628 1303 f.
643 1235 801 1326 25-67),
825 1241 949 1302 secundi
972 1241 1007 1300 ad
1032 1239 1118 1299 Glau-

95 1350 192 1392 conem
217 1330 353 1390 alteram
376 1337 493 1410 partem
520 1334 652 1392 continet
674 1340 705 1393 et
733 1333 898 1412 praemisso
922 1329 1119 1410 capitulorum

96 1421 184 1481 indice
206 1420 342 1480 tertium
361 1419 414 1479 sed
433 1419 514 1480 velut
531 1423 706 1482 recensione
726 1421 853 1500 quadam
872 1422 1039 1480 recentiore
1054 1436 1117 1478 mu-

95 1520 162 1569 ntos
181 1517 216 1568 et
229 1507 443 1587 interpolatos.
468 1511 553 1570 cuius
571 1517 675 1570 auctor
687 1508 882 1594 praeterqalia
907 1527 943 1568 ex
963 1506 1118 1568 Theodoro
1160 1515 1164 1523 '

48 1630 51 1635 ·
96 1618 159 1658 usus
189 1597 321 1677 quidem
356 1596 486 1657 editione
519 1617 607 1678 quam
631 1598 693 1659 dixi
718 1599 850 1659 secunda
878 1600 1006 1658 inseruit
1033 1598 1118 1656 etin

47 1682 50 1687 ’
96 1691 152 1766 ipso
176 1695 270 1747 textu
294 1685 368 1766 libri
391 1687 474 1746 tertii
501 1683 628 1766 'capitula
652 1688 781 1768 duplicia
805 1680 858 1770 (de
882 1687 1065 1766 epylemtieis
1089 1692 1119 1744 et

47 1802 50 1839 ;
97 1776 300 1836 scotomaticis
326 1793 363 1835 ex
386 1774 439 1836 'l'b
453 1775 489 1856 ΙΙ,
508 1773 550 1838 15
574 1783 604 1836 et
624 1773 675 1859 16,
699 1777 735 1837 de
754 1779 939 1837 menomenis
958 1795 993 1836 ex
1012 1775 1047 1855 ΙΙ,
1068 1770 1120 1853 17,

98 1866 127 1924 de
149 1866 297 1944 empiicis
322 1882 359 1924 er
378 1864 420 1946 11,
439 1858 511 1948 23),
539 1873 568 1926 et
595 1873 663 1944 post
690 1866 794 1927 ultima
817 1865 934 1947 Galeni,
962 1867 988 1924 si
1011 1864 1119 1923 indicis

99 1955 228 2014 advertas
250 1954 463 2014 testimonium
478 1946 561 2036 (nam
584 1962 683 2015 textus
708 1956 819 2016 codicis
838 1957 870 2014 in
889 1961 956 2032 cap.⁴
975 1952 1011 2012 de
1035 1970 1117 2030 para-

100 2044 187 2119 luicis
203 2041 347 2103 clausula
360 2050 475 2102 tantum
490 2042 559 2104 libri
574 2047 683 2104 omissa
693 2045 886 2123 imperfectus
898 2042 997 2101 deficit
1007 2043 1038 2098 in
1049 2039 1118 2098 lolio
1160 2060 1165 2069 ·

99 2130 156 2211 22,
179 2134 276 2192 cuius
299 2131 379 2208 quod
398 2131 546 2210 reliquum
561 2133 659 2193 album
679 2127 749 2216 est),
769 2150 904 2193 seorsum
928 2130 1040 2190 addidit
1057 2129 1118 2206 pri-

99 2241 170 2281 mum
189 2219 277 2299 quod
307 2219 344 2278 ad
369 2223 522 2299 superiora
546 2225 669 2300 respicit
692 2242 754 2300 cap.
779 2223 815 2281 de
839 2219 1038 2281 melancoliris
1063 2210 1118 2298 (sc.

98 2331 126 2369 er
146 2311 203 2369 Tb.
219 2310 259 2389 Π,
278 2302 349 2390 18),
374 2308 481 2370 deinde
497 2329 570 2389 quae
585 2318 653 2388 post
668 2304 729 2391 cap.
750 2312 786 2370 de
801 2308 970 2389 paralyticis
985 2310 1015 2367 in
1030 2307 1119 2366 Rero-

98 2400 205 2459 linensi
230 2399 327 2457 etiam
351 2398 452 2457 codiee
477 2406 643 2478 sequuntur
666 2401 701 2460 de
731 2408 845 2460 catarro
866 2394 968 2479 11‚20
991 2406 1020 2457 et
1044 2399 1121 2456 sieut

96 2489 170 2547 tituli
193 2480 350 2567 doceret)
371 2505 406 2546 ea
426 2487 532 2566 quibus
552 2497 698 2568 augentur
712 2489 746 2569 Π,
770 2486 810 2548 21
832 2496 861 2548 et
882 2485 932 2567 22,
952 2487 1065 2567 deinde,
1083 2485 1118 2543 de

98 2578 220 2637 unibus
231 2570 285 2658 (ΙΙ,
297 2569 355 2658 33)
367 2577 443 2635 etde
458 2573 657 2661 cardiacis(ll‚
667 2572 732 2661 12).
748 2585 834 2655 atque
846 2596 881 2636 ex
893 2576 982 2635 simili
993 2576 1120 2654 quodam

100 2678 176 2726 nutu
193 2664 306 2724 Galeni
327 2666 379 2742 qui
394 2683 430 2724 ex
445 2665 595 2727 Prisciano
611 2666 946 2746 aliisqueinte'rpolatus
961 2665 1017 2725 fuit
1032 2667 1119 2735 eliani

165 2839 190 2905 ⁸)
216 2835 262 2889 sie
286 2834 363 2888 enim
387 2834 488 2890 hebet:
512 2837 570 2906 „De
593 2839 714 2891 catarru.
739 2837 782 2891 De
800 2836 890 2890 tisicis
915 2839 944 2890 et
966 2838 1051 2889 tusse.
1075 2833 1120 2885 Ad

94 2918 204 2961 tussem
229 2909 262 2960 et
286 2905 445 2974 pulmones.
470 2907 514 2960 Ad
537 2911 651 2962 tussem.
680 2909 725 2962 Ad
743 2911 850 2962 tussem
873 2911 902 2961 et
926 2906 1051 2960 sintexis.
1075 2902 1120 2954 Ad

94 2986 204 3032 tussem
228 2980 261 3031 et
285 2976 412 3030 sintexin
436 2980 465 3031 ei
487 2978 536 3045 qui
553 2980 706 3048 purulenta
733 2981 872 3033 excreant.
901 2978 946 3031 Ad
969 2976 1066 3030 tisieos
1091 2975 1119 3024 et

93 3050 201 3104 toracis
218 3048 359 3103 dolorem.
378 3048 425 3102 Ad
438 3051 544 3103 tussem
558 3054 587 3104 et
602 3050 651 3118 qni
670 3050 836 3120 sanguinem
850 3050 981 3103 voment“
997 3044 1040 3113 (ef.
1057 3041 1117 3094 eod.

92 3121 186 3176 Berol.
207 3140 236 3190 p.
257 3122 420 3188 100-103).
445 3120 502 3187 „De
527 3121 673 3190 sanguinis
697 3121 847 3175 emissione
871 3137 905 3173 ex
928 3113 1118 3170 interioribus,

91 3194 130 3248 De
152 3191 308 3247 stomacho
329 3188 676 3258 sanguineiaetantibus.
699 3193 741 3246 De
764 3192 877 3246 renibus
896 3188 974 3243 vitiis
994 3185 1039 3239 vel
1058 3200 1119 3237 ves-

92 3267 147 3319 sice
169 3262 319 3333 querellis,
336 3262 380 3315 De
400 3261 547 3317 cardiacis.
571 3257 696 3332 Explicit
714 3264 821 3333 galieni
840 3262 912 3313 liber
930 3257 1052 3311 tercius“
1072 3260 1118 3324 (se.

89 3338 144 3393 ..de
167 3334 294 3404 singulis
313 3331 559 3401 infirmitatibus“,
582 3337 614 3388 ni
637 3333 881 3404 supra·ineipiens
906 3330 990 3382 index
1014 3329 1119 3395 habel).

87 3407 219 3476 ..Incipit
235 3405 367 3459 eiusdem
384 3403 420 3456 de
434 3404 578 3458 oculorum
593 3406 653 3487 (sie)
668 3406 768 3459 causis.
792 3405 833 3457 De
848 3401 950 3470 eapitis
966 3418 1059 3454 eausa.
1079 3400 1120 3451 De

88 3495 180 3533 rausa
201 3477 402 3530 membrorum
416 3475 547 3543 eorporis
567 3477 730 3546 Expliciunt
749 3475 875 3544 capitula
889 3473 955 3526 libri
970 3473 1055 3525 tertii.
1076 3472 1119 3522 ln-

87 3551 165 3620 cipit
186 3550 224 3603 de
244 3546 417 3617 cephalen.“
