2392 3924
110 162 177 226 470
514 165 720 217 VINDICIANI

111 323 270 391 aliquorum
287 321 372 375 XXX.
397 321 492 375 omnia
515 321 591 376 enim
613 339 678 377 ossa
699 322 791 377 fracta
815 324 950 377 curantur
975 325 1006 378 et
1028 323 1123 378 evulsa
1150 373 1166 416 4

111 404 148 457 ad
166 403 260 456 locum
277 403 453 470 revocantur,
473 402 571 456 dentes
591 405 687 457 autam
705 402 795 456 nostri
813 401 892 457 nullo
910 404 1004 459 modo.
1131 407 1166 491 lg

500 544 534 598 X.
553 543 599 597 De
618 543 722 599 labia.

179 621 270 677 Labia
288 627 386 678 nostra
405 626 470 677 sunt
492 624 657 678 membrana
675 640 793 692 venosa,
818 640 872 691 que
892 623 1013 679 adsidue
1037 627 1066 679 et
1083 624 1124 678 in·
1191 686 1195 697 Ι

81 706 255 758 noessanter
274 703 416 774 [omnibus
436 703 622 775 temporibus]
641 707 797 758 moventur.

480 846 527 900 XI.
551 845 597 900 De
616 845 744 915 lingua.

178 926 289 996 Lingua
302 928 399 980 nostra
417 925 500 979 radix
514 925 653 995 adimplet
666 924 791 979 faucium
809 925 873 980 loca
891 929 998 982 natura
1016 943 1121 981 muscu-

107 1006 177 1075 losa,
198 1006 310 1075 duplice
329 1008 461 1060 contexta
480 1005 656 1075 membrano,
680 1005 727 1059 oui
745 1005 770 1059 si
789 1005 897 1060 cerebri
916 1023 950 1061 ac
968 1005 1120 1062 visceribus

107 1085 194 1140 fuerit
213 1086 306 1140 austio
325 1085 454 1154 febrium,
474 1085 572 1140 statim
591 1085 717 1154 asperior
734 1085 774 1142 fit.

67 1250 93 1289 10
361 1250 364 1254 ·
480 1227 540 1282 XII.
559 1227 606 1282 De
624 1228 752 1296 palato.

178 1307 311 1361 Palalum
330 1324 347 1362 a
366 1307 536 1376 quibusdam
556 1306 660 1361 dicitur
678 1307 804 1377 hyperoa
826 1307 874 1361 vel
895 1308 993 1362 urania
1009 1325 1063 1377 que
1081 1309 1120 1362 est

107 1403 190 1455 super
209 1388 315 1443 dentes.
339 1404 445 1442 uranus
464 1387 589 1458 asperior
607 1391 658 1443 est.
682 1388 808 1458 hyperoa
831 1390 929 1443 autem
953 1387 1058 1444 dicitur
1075 1330 1135 1464 quIl

107 1468 150 1519 est
168 1465 295 1535 interius,
315 1466 365 1520 ubi
383 1469 489 1536 pendet
506 1485 563 1523 uva
581 1470 613 1522 ut
632 1484 742 1522 camere
760 1466 889 1523 lenitate.

498 1610 572 1667 ΧΙΠ,
590 1611 637 1664 De
655 1626 728 1664 uva.

66 1698 92 1739 16
178 1688 211 1741 In
229 1689 329 1742 eodem
346 1688 409 1742 loco
423 1690 529 1757 pendet
542 1707 608 1759 uva,
626 1707 680 1759 quc
695 1691 740 1744 est
752 1693 856 1744 natura
869 1689 1023 1744 lubricosa.
1041 1687 1118 1743 nobis

107 1767 176 1837 ipsis
196 1778 304 1822 summa
322 1768 438 1837 quidem
458 1769 604 1824 humorem
626 1772 737 1840 prestat
759 1769 887 1824 ciborum
911 1769 1119 1825 devorationem

106 1848 152 1902 vel
176 1865 276 1903 sonum
297 1848 388 1918 vocis,
412 1849 588 1919 conplurima
610 1849 718 1904 habens
741 1848 882 1903 foramina
905 1849 1074 1904 tenuissima
1090 1835 1158 1928 ut}

107 1946 158 1983 aco
181 1933 295 1999 puncta.
319 1928 409 1984 veluti
432 1930 600 1984 mammillis·
618 1929 768 1984 mulierum
791 1945 926 1983 emanans
950 1929 1009 1999 lac,
1036 1929 1076 1983 sio
1093 1930 1119 1983 et
1143 1932 1154 2010 ξ

106 2009 169 2078 ipsa
189 2010 310 2064 dimittit
327 2010 473 2065 humorem
491 2010 609 2065 interius
628 2009 768 2063 viscerum
786 2008 846 2063 sive
864 2008 1033 2078 pulmonum
1049 2009 1119 2063 circa
1143 2011 1157 2072 ξ

66 2097 93 2136 20
106 2090 244 2159 palatum,
263 2089 314 2144 ubi
328 2090 487 2159 superiacet
505 2107 561 2144 uva
576 2089 651 2144 circa
665 2089 791 2144 radicem
803 2087 927 2157 linguae.
948 2088 1029 2143 cuius
1042 2087 1119 2142 radix
1144 2091 1158 2152 ,ἓ

106 2170 232 2239 cooperit
250 2168 379 2224 canalem
402 2173 431 2224 et
454 2171 631 2225 stomachum
652 2173 771 2240 petauro
791 2167 891 2236 simile,
916 2185 971 2236 que
995 2169 1117 2236 utrisque

105 2249 218 2303 canales
241 2251 325 2304 modo
348 2249 457 2304 claudIt
479 2251 563 2305 modo
592 2250 692 2320 aperit.
721 2249 813 2319 aperit
841 2251 939 2303 antem
964 2248 1119 2318 spiritalem
1144 2268 1158 2324 ς
1184 2306 1188 2316 ,

105 2329 218 2396 quando
237 2329 385 2398 loquimur,
405 2330 495 2384 cludit
509 2333 605 2385 autem
619 2347 683 2384 cum
696 2330 907 2384 manducamus.
926 2329 982 2383 hoc
996 2329 1027 2383 in
1040 2327 1117 2383 nobis
1143 2338 1157 2378 e

106 2409 254 2478 sentimus,
278 2411 392 2476 quando
416 2426 483 2463 casu
507 2409 603 2478 aliquo
628 2409 686 2464 cibi
703 2409 750 2464 vel
767 2411 851 2479 potus
871 2408 902 2461 in
921 2424 955 2463 ea
974 2413 1056 2478 parte
1079 2408 1118 2462 in·

1145 1349 1159 1391 4

176 2619 371 2687 1aliquarum
389 2622 421 2675 P.
477 2627 568 2694 4un
589 2621 623 2677 G.
679 2620 792 2693 assidup
814 2621 847 2688 G,
866 2619 981 2674 assidua
1007 2622 1038 2677 U.
1091 2622 1118 2674 et

104 2707 154 2744 ora.
175 2690 207 2744 P.
281 2698 296 2745 5
316 2692 446 2746 omnibus
465 2693 639 2762 temporibus
663 2691 731 2747 UG:
751 2708 800 2746 orn.
820 2692 853 2745 P.
928 2692 1063 2761 7(radix)
1078 2693 1118 2746 est

104 2763 167 2816 add.
193 2761 256 2816 UG.
329 2763 488 2817 muscolosa
507 2765 539 2819 P.
614 2769 648 2817 10
666 2763 708 2818 De
726 2762 856 2832 palatum
878 2761 943 2817 lle.
1020 2768 1054 2817 11
1071 2780 1118 2831 ny·

103 2849 190 2900 perca
211 2834 273 2901 (sic)
294 2834 327 2901 P,
346 2833 464 2902 hiperoa
488 2834 552 2890 UG.
661 2840 681 2888 1'1
699 2833 824 2901 uranisq3
844 2833 881 2888 P:
901 2850 953 2888 om.
978 2834 1044 2889 ΗΘ.

105 2909 138 2957 12
157 2903 284 2971 asperior
302 2918 336 2965 ÷
355 2906 389 2973 P,
408 2905 580 2974 asperiorem
603 2904 667 2960 ΗΘ.
739 2905 847 2973 hypera
865 2904 903 2959 P:
922 2903 1044 2975 hiperoa
1057 2905 1085 2961 U
1087 2903 1116 2958 G.

105 2979 138 3026 13
156 2975 262 3043 pendet
285 2976 321 3031 U:
339 2976 440 3045 pendit
458 2978 491 3044 P,
511 2977 616 3030 -dent
636 2976 669 3032 G.
743 2977 774 3029 at
793 2974 864 3030 PU:
884 2977 936 3029 ant
956 2976 991 3031 G.
1052 2973 1117 3030 leni·

102 3046 193 3098 talem
212 3046 244 3101 P.
354 3053 387 3102 15
406 3048 506 3116 pendit
525 3048 558 3102 P.
631 3046 681 3115 qui
704 3046 763 3102 Uo.
852 3045 965 3101 lubrica
989 3047 1050 3103 UG.

105 3121 137 3167 16
157 3116 272 3182 quidem
290 3134 340 3172 om.
365 3118 428 3173 UG.
483 3117 609 3172 humoris
633 3118 697 3174 UG.
757 3117 893 3185 cyborum
911 3116 946 3173 P.
1003 3123 1038 3172 17
1056 3135 1116 3172 con·

100 3185 225 3253 plurima
245 3189 281 3242 P:
301 3189 369 3256 quia
387 3189 510 3258 plurima
534 3189 597 3245 Ue.
703 3193 736 3243 18
756 3203 807 3242 aco
826 3188 897 3243 PU:
917 3205 993 3257 aquo
1015 3189 1049 3245 G.

102 3256 237 3310 mamillis
262 3259 293 3314 U.
367 3265 400 3314 19
420 3260 546 3315 dimittet
570 3260 633 3316 UG.
725 3259 870 3314 homorem
894 3259 925 3313 U.
1015 3266 1049 3314 20
1066 3259 1115 3313 lin-

102 3343 158 3394 gue
182 3329 212 3395 U,
232 3348 322 3402 -gup
344 3331 376 3385 G.
470 3337 503 3385 21
524 3331 616 3400 coprit
634 3332 667 3385 P.
775 3329 920 3384 carnalem
939 3331 972 3387 P.
1063 3331 1115 3385 sto

102 3397 202 3450 macho
227 3400 291 3455 UG.
365 3403 519 3471 depetauro
539 3405 571 3458 P.
649 3418 703 3470 que
721 3418 772 3456 om.
797 3401 860 3455 ΗΘ.
916 3401 1064 3471 utriusque
1083 3400 1112 3455 G.

100 3471 136 3519 22
156 3469 284 3525 carnales
299 3473 331 3526 P.
383 3472 497 3527 claudet
512 3474 544 3528 P.
596 3473 762 3541 anquando
782 3471 846 3527 UG:
866 3488 931 3526 cum
946 3474 978 3528 P.
1024 3475 1114 3528 autem

87 3554 143 3594 om.
170 3541 237 3599 UG.
315 3563 383 3602 cum
401 3545 526 3603 P=cum
543 3545 687 3615 quaIlG.
