2392 3922
114 181 181 246 364
340 179 620 233 Anrmormuu
637 177 910 231 summouisse.

115 357 144 407 et
163 347 266 406 leviter
283 343 470 424 ionrentabis,
489 363 527 404 ne
547 343 611 403 loca
630 341 858 403 contundantur.
878 347 986 420 postea
1005 341 1125 421 detergis

115 434 274 512 diligenter
298 440 328 492 et
351 433 423 493 lacis
448 431 625 511 cataplasma
649 431 685 491 de
715 431 801 490 faeno
825 447 933 508 graeco
957 437 990 490 et
1011 429 1066 490 lini
1088 448 1126 489 se-

114 525 194 582 mine
219 528 249 580 et
275 520 385 599 polline
413 521 571 580 hordeacia
594 523 626 580 iu
654 538 729 598 aqua
753 526 783 578 et
806 518 871 578 oleo
899 518 1021 579 modico
1048 518 1126 578 mello

115 618 205 671 cocta.
225 609 404 689 cataplasma
423 609 541 669 inducis
560 615 590 668 et
603 611 699 687 ponis
723 609 822 667 omnia
841 607 906 666 loca
920 625 992 667 cum
1010 607 1127 667 testibus

115 700 315 778 percooperis
353 698 410 757 hoc
446 697 560 756 tamdiu
595 697 669 756 facis
709 695 852 775 quamdiu
883 694 970 755 dolor
1007 695 1152 756 recedatt

115 787 222 847 deinde
247 787 389 864 decoquis
413 785 550 845 adarcem
573 786 728 862 origanum
747 790 778 844 et
795 783 1023 865 petroselinum,
1046 786 1128 844 etsie

116 875 199 935 dahis
223 877 375 954 potionem
399 892 466 934 cum
490 873 606 933 modico
630 872 727 933 melle.
750 872 937 932 medicamen
956 880 1057 933 autem
1075 872 1128 932 dia·

115 964 238 1024 meliton
271 963 367 1023 solves
401 980 468 1022 cum
506 969 606 1021 ceroto
638 961 814 1020 mollissimo
839 968 869 1020 et
901 980 972 1021 cum
1000 961 1128 1040 adipibus

115 1053 238 1133 pollinis
261 1053 308 1112 vel
326 1050 497 1131 porcellinis
522 1056 551 1109 et
568 1049 755 1110 medicamen
772 1049 927 1130 basilicon,
951 1051 996 1110 ita
1018 1057 1053 1110 ut
1069 1057 1127 1110 ante

117 1143 242 1221 clystere
266 1137 339 1221 <ei>
362 1141 414 1218 qui
440 1140 552 1217 patitur
580 1140 732 1198 exinanias
756 1145 872 1198 stercus
900 1144 1013 1219 totum,
1041 1145 1070 1198 et
1091 1139 1127 1197 sic
1136 1147 1152 1186 1⁰

118 1229 238 1290 curabis
262 1248 339 1289 eum.

86 1317 105 1379 3
207 1315 584 1378 Confectiomedicamenti
601 1315 642 1374 ad
660 1316 849 1375 matricem
868 1314 1064 1374 curandam
1081 1312 1127 1372 vel

116 1413 300 1464 menstrua
327 1403 562 1482 provocanda.
594 1405 692 1482 primo
721 1403 930 1480 suffumigatur
957 1402 1068 1463 mulier
1089 1420 1128 1462 se-

116 1493 190 1550 dens
214 1493 250 1551 de
274 1497 400 1571 storace,
423 1498 490 1551 ante
515 1494 648 1571 quinque
667 1491 731 1551 dies
751 1509 839 1570 quam
861 1497 1020 1551 menstrua
1043 1493 1072 1551 ei
1089 1507 1128 1550 so-

116 1579 178 1638 lent
195 1581 307 1659 venire,
326 1585 356 1637 et
374 1577 591 1658 encolpidiatur
609 1583 770 1659 pigmentis
785 1598 859 1658 quae
878 1579 1007 1639 inferius
1027 1581 1129 1658 scripta
1137 1585 1153 1627 1⁵

117 1675 193 1727 sunt.
218 1666 373 1746 diachylon
396 1669 484 1727 uncia
506 1686 580 1748 una,
602 1668 748 1728 basilicon
772 1670 924 1728 semuncia
947 1686 1022 1749 una,
1051 1685 1128 1727 cerae

116 1758 253 1836 ponticae
266 1770 303 1817 ÷
316 1755 339 1836 l,
358 1756 454 1834 adipis
474 1758 606 1815 anserini
618 1771 656 1819 ÷
670 1756 693 1837 l,
712 1756 811 1818 oleum
829 1756 972 1816 liliacium
992 1762 1129 1835 quantum

116 1847 320 1907 necessarium
343 1845 441 1904 luerit.
467 1847 582 1923 species
606 1853 704 1905 autem
728 1844 825 1905 solves
844 1863 912 1905 cum
936 1843 1003 1903 oleo
1026 1843 1129 1905 liliacio

117 1937 157 1995 ita
185 1943 218 1994 ut
245 1952 327 1994 zema
355 1952 423 1994 cum
452 1951 527 2011 aqua
560 1952 651 2012 super
678 1933 778 1994 locum
804 1932 922 2013 bulliat,
950 1940 980 1992 et
1010 1933 1131 1993 alterum

117 2042 199 2083 zema
223 2042 291 2084 cum
315 2023 492 2102 supradictis
516 2023 741 2082 medicamentis
765 2041 801 2081 ex
829 2021 887 2081 olei
909 2039 1021 2100 vapore
1044 2023 1157 2082 faciaso

118 2112 266 2172 calescere
296 2118 329 2171 ut
357 2113 400 2170 sic
429 2110 587 2170 solvantur.
617 2117 646 2170 et
674 2128 741 2170 cum
770 2111 904 2189 coeperis
932 2109 1009 2170 velle
1038 2109 1128 2171 encol·

117 2202 241 2281 pidiare,
265 2207 424 2278 antequam
447 2198 629 2277 encolpidies
652 2206 786 2258 ventrem
810 2201 874 2258 eius
898 2217 970 2257 cura
994 2198 1031 2258 de
1056 2200 1130 2259 sucis

117 2292 251 2367 ptisanae
275 2290 401 2347 nimium
424 2288 586 2368 discoctae,
614 2289 738 2347 inmixto
763 2286 883 2365 clysteri
911 2285 976 2346 oleo
1007 2289 1130 2348 arretino.

117 2385 147 2435 et
169 2384 237 2455 post
261 2379 347 2436 istam
370 2379 563 2435 iniectionem
587 2377 613 2434 si
638 2377 774 2454 purgatio
802 2381 1027 2434 menstruorum
1050 2375 1132 2455 plena

117 2482 176 2522 non
200 2465 290 2524 luerit
314 2462 486 2543 subsecuta,
513 2462 598 2522 dabis
623 2466 651 2523 ei
673 2463 826 2542 pulverem
849 2465 949 2542 picrae
974 2482 1045 2524 cum
1067 2467 1161 2524 vince

118 2559 146 2609 et
169 2550 256 2610 melle
277 2557 306 2609 et
324 2549 418 2611 calida
436 2553 625 2629 permixtum.
650 2552 703 2612 sed
722 2559 789 2612 ante
809 2557 947 2630 quartum
966 2551 1049 2612 diem
1067 2571 1132 2614 con·

118 2645 218 2698 suetae
237 2640 422 2716 prugationis
441 2641 482 2698 ita
507 2658 578 2699 cura
596 2647 629 2699 ut
649 2646 807 2718 antequam
826 2638 1019 2721 encolpidies,
1038 2644 1131 2720 primo

117 2727 153 2786 dc
173 2745 244 2786 suco
258 2728 391 2805 ptisanae
411 2726 560 2788 discoctae
585 2747 653 2788 cum
673 2730 792 2789 anetino
810 2728 874 2788 oleo
893 2735 1030 2788 ventrem
1050 2747 1132 2790 cures

118 2823 147 2875 et
171 2818 214 2875 sic
238 2814 428 2894 encolpidies
462 2823 491 2876 et
513 2817 571 2877 hoo
594 2836 690 2896 usque
713 2818 749 2877 ad
774 2817 853 2877 diem
880 2819 1082 2899 purgationis,
1110 2819 1133 2877 si

116 2923 240 2966 necesse
263 2905 367 2984 fuerit,
394 2903 441 2964 bis
469 2908 500 2964 in
524 2905 572 2965 die
596 2906 701 2985 facias,
728 2912 759 2965 et
785 2924 947 2984 numquam
970 2905 1165 2967 anhelituna

116 2994 163 3054 rel
187 2993 320 3054 dolorem
344 2994 489 3054 stomachi
512 2996 650 3072 patietur.

189 3181 363 3235 GadarceB.
412 3179 644 3235 idiamelitosB.
699 3185 733 3232 10
747 3176 773 3230 ei
787 3177 894 3232 addidi.
941 3179 1089 3238 exinanias
1099 3184 1133 3238 B.

118 3257 151 3304 13
172 3250 367 3320 diffumigatur
376 3251 412 3305 B.
468 3256 502 3304 15
517 3249 710 3319 encolpizatur
726 3249 760 3302 ed
774 3247 849 3326 (item
867 3249 967 3318 infra).
1025 3259 1060 3310 16
1076 3255 1135 3309 dia-

117 3321 215 3388 quilon
235 3323 268 3376 B.
331 3321 424 3375 uncia.
444 3322 464 3375 I.
486 3323 548 3390 (sio)
568 3321 605 3376 B.
678 3325 711 3373 17
729 3332 857 3387 pomrcae
872 3319 900 3371 B
920 3321 1053 3389 (punicae
1072 3328 1134 3394 ed).

118 3397 151 3443 19
167 3408 245 3445 zema
261 3392 289 3444 B
303 3391 452 3460 (medietas
466 3394 526 3460 ed).
582 3390 702 3444 alteram
715 3404 823 3442 aemam
836 3388 872 3443 B.
929 3396 963 3444 20
982 3408 1030 3449 ex:
1050 3399 1080 3449 et
1098 3398 1134 3452 B.

59 3469 63 3475 '
116 3466 150 3513 22
171 3461 351 3529 encolpidare
372 3464 433 3531 (aia)
453 3463 489 3516 B.
559 3466 592 3515 23
611 3459 771 3515 nimiumB
785 3457 907 3528 (fortiter
926 3463 985 3530 ed).
1042 3470 1077 3517 25
1091 3467 1135 3535 pi-

115 3547 183 3598 grae
193 3533 229 3584 B.
289 3538 323 3586 26
337 3530 653 3602 sed-(29)eneolpidies
666 3532 791 3588 eiciendo
804 3531 932 3586 videatur
941 3535 986 3599 (eoo
999 3535 1134 3606 dittoqr).
