2392 3922
432 179 434 186 '
473 191 742 244 lnnrnlunum.
1046 187 1109 253 291

97 348 221 418 intinges
241 350 271 402 et
289 348 426 418 impones.
448 348 546 418 adipes
565 348 696 418 vulpinos
714 347 874 418 inunguito.
893 347 989 402 inulae
1007 348 1112 403 herbae

96 427 165 482 folia
186 428 256 482 vino
284 429 355 483 trita
382 428 528 499 imponito.
557 428 731 482 nasturcium
758 445 822 482 cum
843 429 960 498 polenta
988 427 1112 482 calidum

97 524 160 561 cum
173 510 257 563 aceto
275 507 441 577 impositum
454 508 577 578 prodest.
598 508 715 577 sulphur
727 508 825 564 vivum
835 552 840 564 .
849 552 867 564 ..
879 511 908 562 et
921 507 1051 562 vitellum
1065 507 1112 561 ovi

96 605 159 641 cum
177 604 300 643 caroeno
319 588 502 643 commixtum
515 587 662 657 imponito.
682 604 778 642 semen
796 587 930 658 asparagi
947 588 1047 642 tritum
1065 588 1112 643 vel

95 667 220 722 radicem
235 667 297 722 eius
312 684 376 722 cum
389 668 456 722 vino
475 684 567 736 aequa
580 685 711 722 mensura
724 667 806 737 potui
821 668 896 722 dato.
923 684 1021 721 sucum
1033 667 1111 737 porri
1138 682 1151 722 5

96 746 196 802 sectivi
220 764 285 801 cum
307 747 422 802 hemina
444 746 546 817 (vini)
568 746 649 816 potui
671 748 747 803 dato.
778 746 873 802 nuclei
896 747 1111 817 amygdalorum

94 827 156 881 triti
175 843 210 881 ex
233 844 310 895 aqua
327 827 409 896 potui
429 827 490 882 dati
511 827 582 882 mire
599 829 724 897 prosunt.
743 826 898 896 millepcda
915 826 985 881 trita
1003 829 1033 881 et
1051 826 1112 880 suci

95 906 154 960 eius
180 906 292 961 denarii
315 907 425 975 pondus
449 907 532 960 unius
555 924 619 961 cum
640 905 701 960 vini
724 906 815 975 cyatis
841 907 950 961 duobus
973 907 1109 961 medetur.

317 1013 367 1067 Ad
386 1029 545 1067 coxarum
563 1013 700 1068 dolores
719 1012 889 1083 (XXXVIII).

163 1091 269 1162 Populi
287 1108 402 1161 germen
420 1091 451 1145 in
469 1092 535 1146 vino
554 1095 665 1147 coctum
680 1095 710 1147 et
724 1108 885 1163 expressum
903 1091 1016 1145 adiecta
1035 1108 1110 1160 aqua
1123 1108 1150 1147 ιο

93 1171 189 1241 bibat,
219 1189 305 1226 sanus
332 1171 389 1226 fiet.
425 1171 552 1226 ursinum
583 1173 679 1226 fimum
706 1189 771 1227 eum
804 1171 929 1241 axungia
955 1170 1027 1224 bene
1059 1171 1109 1224 tri-

93 1255 153 1305 tum
170 1251 321 1321 imponito.
350 1251 377 1305 ei
394 1251 471 1320 parti
489 1268 562 1320 quae
582 1252 660 1307 dolet
680 1251 832 1307 testudinis
851 1267 950 1305 coxam
969 1250 1110 1304 abscisam

93 1330 236 1401 alligabis.
266 1346 443 1385 cucumerem
465 1331 617 1386 erraticum
639 1332 717 1401 ligno
744 1330 875 1386 effossum
898 1347 961 1384 cum
984 1329 1109 1400 axungia

93 1410 181 1465 veteri
200 1409 356 1464 contritum
369 1411 399 1464 et
412 1426 464 1479 per
478 1410 553 1465 diem
570 1414 738 1480 noctemque
752 1428 839 1465 unam
852 1409 1024 1480 impositum,
1039 1409 1109 1465 mire

93 1490 216 1558 prodest.
245 1489 364 1544 herbam
376 1489 557 1558 polygonum,
577 1508 662 1558 quam
679 1507 731 1545 nos
748 1489 961 1560 sanguinariam
980 1489 1108 1559 dicimus,
1122 1505 1148 1546 15

91 1574 205 1624 tunsam
230 1570 352 1639 impone.
388 1569 460 1623 item
482 1569 657 1624 artemisiam
680 1572 827 1625 contusam
850 1570 932 1624 etin
955 1587 1030 1638 aqua
1053 1570 1107 1624 fer-

92 1649 169 1703 venti
197 1647 346 1702 dimissam
373 1646 470 1718 tolles,
499 1651 529 1703 et
560 1666 645 1719 supra
671 1649 845 1720 polygonum
872 1666 958 1718 quam
984 1649 1107 1718 primum

93 1728 267 1798 imposueras
290 1727 424 1798 antehac,
447 1727 560 1797 impone
584 1728 708 1784 calidam
727 1732 757 1784 et
778 1730 851 1784 bene
870 1728 1027 1798 alligatam.
1054 1728 1107 1781 hoc

93 1824 141 1876 per
158 1807 288 1862 triduum
306 1807 409 1878 facito,
428 1809 550 1878 prodest.
583 1808 654 1864 facit
672 1809 725 1863 hoc
745 1809 782 1864 ad
800 1807 930 1878 quamvis
949 1807 1108 1862 vetustissi-

93 1905 168 1941 mum
191 1887 319 1942 dolorem
343 1891 372 1942 et
394 1888 561 1957 sauguinem
583 1889 735 1944 erraticum
758 1892 787 1943 et
810 1889 847 1943 ad
870 1888 972 1942 tubera
994 1887 1025 1940 in
1048 1903 1107 1941 cor·
1121 1904 1147 1943 ao

92 1984 158 2035 pore
178 1969 208 2021 et
228 1967 266 2020 ad
283 1983 433 2021 nervorum
451 1967 658 2023 contractiones
677 1972 707 2023 et
725 1970 762 2023 ad
776 1969 940 2038 podagram.
965 1967 1014 2021 sed
1033 1968 1106 2020 arte-

92 2046 190 2100 misiae
215 2046 290 2101 lacte
309 2049 481 2101 maceratam
499 2047 634 2117 impones.
661 2047 824 2102 cucurbitae
848 2063 943 2101 semen
962 2062 1025 2099 cum
1043 2045 1105 2100 olco

93 2130 120 2179 ct
138 2129 221 2181 aceto
245 2126 346 2180 tritum
369 2129 398 2181 et
415 2131 531 2182 unctum
555 2132 645 2184 sanat.
671 2126 832 2183 vettonicae
851 2125 961 2194 pondus
988 2126 1107 2178 duorum

93 2206 272 2260 denariorum
290 2205 321 2259 in
346 2207 438 2260 mulsa
460 2207 555 2261 calida
577 2208 659 2277 potui
685 2208 790 2262 datum.
818 2206 872 2259 hoc
896 2207 925 2259 et
946 2204 1106 2259 lumborum

93 2285 203 2340 dclorcs
222 2284 309 2340 tollit.
337 2285 382 2355 git
399 2289 537 2354 quantum
554 2287 646 2341 tribus
666 2286 764 2357 digitis
783 2284 884 2340 tollere
907 2287 987 2354 potes
1006 2284 1106 2339 tritum
1119 2299 1146 2340 25

93 2363 120 2417 in
138 2365 218 2434 passi
237 2364 336 2419 cretici
355 2365 445 2433 cyatis
466 2366 575 2421 duobus
594 2365 675 2437 potui
695 2366 793 2420 datum
810 2365 933 2434 prodest.

164 2540 453 2611 lintingisetiponis
464 2545 487 2598 b.
524 2541 624 2616 Innqu
635 2544 659 2598 b.
697 2548 712 2596 3
729 2542 895 2597 Sufurvirir.
914 2541 1107 2613 Cimis(sic)ct

92 2645 192 2701 utana
211 2646 259 2700 ovi
278 2649 302 2703 o.
365 2648 515 2718 esparagi
534 2650 608 2718 cof.
628 2648 674 2703 Ps.
690 2649 788 2720 Pau).
844 2626 919 2706 cal.
938 2649 1020 2720 potui
1039 2649 1065 2703 d.
1081 2651 1104 2707 e.

90 2750 157 2807 auu
176 2753 199 2808 e.
228 2821 234 2833 ‚
275 2758 291 2807 o
311 2757 345 2807 ea
360 2730 435 2810 emrl
453 2754 534 2824 potui
553 2756 628 2824 cof.
647 2755 693 2810 ra.
714 2755 812 2823 Pria).
887 2762 901 2809 r
923 2757 990 2812 aa
1010 2757 1032 2811 a

89 2823 255 2892 millepedia
274 2825 298 2881 b.
390 2823 452 2881 suc⁹
471 2828 494 2881 b.
586 2833 602 2881 8
620 2824 711 2895 pond9
730 2827 746 2880 b
766 2828 811 2894 (cf.
832 2825 878 2882 Ps.
892 2827 968 2882 Plio.
984 2843 1013 2894 p.
1028 2829 1104 2890 125).

90 2898 150 2949 tia
164 2895 224 2949 iod.
234 2893 385 2952 XXXVIII.
414 2898 457 2952 De
471 2913 604 2951 coxarum
618 2898 714 2953 dolore
729 2899 754 2952 b.
783 2898 817 2963 cf.
832 2914 918 2967 sopra
932 2895 1103 2952 oXXXHH.

89 2971 122 3020 10
139 2963 248 3034 Pupuli
266 2967 290 3020 b.
364 2973 397 3022 11
416 2968 469 3023 fiat
486 2974 550 3023 cate
568 2969 619 3037 eps.
639 2985 708 3024 corr.
728 2970 751 3023 b.
831 2967 916 3023 bene:
935 2971 990 3024 uei
1008 2969 1031 3023 b.

90 3079 121 3126 12
135 3036 261 3143 E1⁹t1¹r⁰b
352 3072 467 3130 abscid'.
488 3076 517 3128 et
536 3051 625 3143 alligb
644 3076 668 3130 b.
733 3078 766 3127 1⁶
784 3071 940 3143 polegonus
955 3076 979 3130 b.
1041 3090 1104 3127 san-

87 3179 290 3260 mariae...
324 3158 581 3249 liquam21affb.
674 3184 764 3237 18a1‘1
782 3166 865 3237 hbe.
952 3186 986 3234 19
1004 3181 1060 3233 Fac
1080 3183 1103 3238 b.

87 3256 118 3303 21
140 3250 309 3322 arthem1s1e
327 3252 367 3305 ao'c
386 3252 408 3305 b.
501 3257 534 3304 22
553 3250 659 3319 iporms
675 3253 698 3306 b.
805 3256 840 3304 23
858 3250 987 3325 vetonice
1007 3252 1031 3305 b.

87 3326 120 3374 24
140 3322 194 3374 dol
209 3323 233 3375 b.
292 3325 326 3374 25
344 3319 406 3389 gita
425 3323 440 3375 b
457 3324 503 3389 (of.
524 3324 594 3376 idem
612 3338 698 3391 capra
708 3340 737 3392 p.
751 3327 816 3388 290,
829 3326 889 3391 28).
