2392 3922
125 163 191 228 274
456 163 801 215 Pssuno-anonoru

123 323 281 378 immixtam
299 319 446 390 imponito.
475 319 639 388 argemonia
660 317 731 374 trita
753 322 783 374 et
804 318 940 388 imposita
957 319 1142 376 ferbunculos

123 406 154 458 et
176 405 296 457 strumas
320 403 349 455 et
370 399 516 469 parotides
540 402 631 454 sanat.
668 399 745 454 ieeur
767 399 864 469 talpae
889 399 991 454 tritum
1017 400 1139 471 impone,

123 481 300 536 circumlines
324 479 367 534 ita
391 496 426 534 ne
448 495 499 547 per
521 478 649 533 triduum
671 479 788 534 levetur.
825 479 932 534 calcem
950 479 1050 534 vivam
1066 498 1141 549 quae

122 561 216 615 adhuc
238 577 296 615 non
318 562 362 614 est
385 558 510 613 extincta
533 575 598 612 eum
619 558 714 614 resina
736 557 847 627 liquida
871 562 900 613 et
918 558 1005 629 adipe
1024 561 1142 629 porcino

93 654 186 695 soum
209 639 293 694 melle
318 638 437 692 mixtam
459 638 611 708 imponito,
635 637 815 692 ferbunoulos
839 640 960 693 strumas
979 642 1010 694 et
1029 657 1140 695 omnem

121 720 257 775 duritiem
275 718 361 774 solvit
380 721 409 773 et
423 721 514 773 sanat.
542 717 698 787 galbanum
712 717 803 772 solum
816 717 963 787 imponito.
992 720 1141 790 caprinum

120 801 218 854 fimum
237 816 301 853 oum
315 800 396 852 aceto
415 800 528 852 coctum
546 796 692 866 imponito.
725 797 802 851 idem
821 800 850 852 et
867 797 1007 852 bubulum
1026 815 1061 853 ex
1078 799 1140 854 oleo

121 882 233 934 coctum
260 877 338 932 facit.
383 877 561 932 chelidoniae
588 875 671 929 radix
698 893 733 930 ex
761 879 841 930 aceto
869 876 939 931 trita
966 877 1139 946 imponatur.

121 957 347 1026 quinquefolium
359 957 478 1012 herbam
492 972 594 1024 coques
609 972 643 1010 ex
657 959 747 1024 aceto,
766 959 840 1010 teres
855 959 885 1011 et
898 956 981 1025 quasi
994 957 1142 1027 malagma

81 1054 107 1093 ro
121 1038 258 1108 impones,
279 1037 376 1091 statim
395 1054 480 1106 supra
499 1036 619 1105 scriptas
639 1035 757 1089 durities
776 1038 806 1090 et
829 1035 1030 1105 condylomata
1050 1038 1140 1092 sedat.

122 1118 273 1186 strychnus
291 1117 380 1172 herba
399 1117 429 1170 in
446 1132 520 1185 pane
539 1115 633 1170 infuso
651 1115 722 1170 trita
741 1119 791 1169 aut
810 1132 873 1169 cum
887 1115 1013 1184 axungia
1032 1117 1142 1171 recenti

121 1197 257 1267 imposita
276 1198 398 1250 strumas
418 1199 447 1250 et
466 1212 550 1264 supra
569 1195 675 1264 scripta
694 1198 785 1250 sanat.
822 1194 868 1249 fici
886 1193 957 1248 folia
981 1197 1033 1249 aut
1055 1214 1143 1265 poma

121 1276 185 1346 ipsa
212 1276 356 1330 inmatura
384 1275 453 1330 trita
481 1275 606 1344 impone,
641 1274 741 1329 statim
771 1291 867 1329 omnes
894 1277 1018 1329 tumores
1048 1279 1141 1330 sanat.

121 1355 245 1425 iuniperi
264 1372 359 1410 semen
377 1355 477 1409 tritum
496 1371 530 1408 ex
549 1353 611 1409 oleo
631 1357 660 1408 et
679 1357 760 1409 aceto
779 1354 900 1408 mixtum
917 1354 1067 1423 imponito.

81 1476 107 1517 15
145 1462 194 1516 Ad
211 1463 283 1516 idem
300 1462 326 1529 I,
342 1469 377 1517 10
391 1465 440 1528 (29
458 1467 483 1515 et
500 1464 547 1527 30)
561 1461 667 1592 {hem}
687 1462 725 1551 od
742 1467 845 1515 tectam
865 1462 965 1528 (000000
983 1463 1016 1516 irs
1035 1464 1114 1530 loeis)

620 1554 635 1592 0
653 1554 705 1593 000.

120 1619 248 1673 1101112
264 1623 326 1686 (38)
339 1618 385 1671 De
405 1617 580 1672 oculorum
598 1617 713 1671 causis
734 1620 784 1686 (ad
801 1621 952 1690 caligantes
970 1623 1062 1676 oculos
1076 1630 1143 1690 poet

564 1699 686 1766 purgat).

28 1779 113 1848 (XIII)
197 1777 245 1832 Sal
264 1777 463 1848 Cappadocum
482 1777 558 1844 quod
576 1775 684 1830 foditur
701 1776 787 1831 fricas
806 1778 914 1832 incute
934 1795 999 1832 cum
1017 1796 1093 1848 aqua
1113 1784 1142 1835 et

83 1877 109 1915 ao
123 1858 265 1913 immisces
284 1858 433 1927 collyrium
452 1857 590 1911 diarodon
609 1859 638 1910 et
660 1856 808 1926 inungues.
832 1857 950 1911 feniculi
964 1875 1061 1914 semen
1079 1862 1141 1914 tere

122 1938 286 2009 diligenter,
307 1940 337 1992 00
355 1936 496 1991 immisces
519 1937 588 2006 mel,
616 1939 645 1991 et
672 1936 776 1991 iterum
798 1939 872 1991 teres
896 1940 926 1991 et
948 1937 1091 1993 immisces
1112 1943 1142 1995 et

122 2036 240 2088 ungues.
260 2020 407 2088 expertum
426 2020 476 2070 est.

193 2098 388 2153 Membranum
407 2097 466 2150 sivo
486 2096 583 2150 album
602 2097 636 2150 de
657 2096 746 2150 oeulis
760 2095 924 2150 tollendum.
952 2094 1030 2149 faeni
1043 2096 1142 2166 graecu

122 2192 219 2230 semen
238 2177 272 2230 de
291 2192 366 2244 aqua
379 2174 459 2229 lavas
473 2175 571 2229 novies
587 2179 615 2230 00
629 2175 659 2229 in
678 2192 753 2244 aqua
766 2175 792 2228 X
807 2191 916 2243 coques.
946 2175 1077 2243 dactylos
1091 2176 1141 2244 III,

81 2255 217 2311 camellis
243 2254 382 2310 coclearia
400 2255 452 2324 111,
481 2255 597 2308 feniculi
625 2272 723 2309 sucum
746 2259 884 2324 quantum
906 2253 1030 2308 volueris
1056 2255 1142 2309 simul

194 2489 207 2535 1
229 2484 394 2552 argemonia
414 2484 504 2538 herba
524 2485 665 2546 r(De'osc.
681 2503 711 2554 p.
728 2489 784 2539 326
803 2486 908 2553 Lips.):
932 2483 1092 2552 agrimonia
1116 2489 1141 2540 0.

119 2555 149 2606 00
168 2555 234 2621 (000)
255 2571 305 2608 000.
325 2573 347 2610 r.
429 2562 444 2608 2
462 2553 609 2624 parotidas
630 2557 692 2623 (sic)
713 2558 750 2611 00
770 2558 935 2624 (utsupra).
1009 2557 1097 2628 taupp
1116 2575 1140 2611 0.

119 2675 193 2728 pone
214 2661 244 2712 00
262 2659 421 2713 circumlini
441 2662 456 2714 0
483 2659 595 2728 impone
615 2661 728 2715 circum.
748 2659 819 2714 lenis
837 2678 860 2714 0.
976 2667 993 2713 4
1013 2641 1141 2715 01010000

121 2733 184 2798 (000)
204 2749 227 2785 0.
309 2736 325 2784 0
345 2735 379 2783 cir
397 2703 482 2784 melle
498 2733 502 2799 Ι
518 2731 609 2785 mixtu
629 2735 644 2786 0
664 2733 711 2800 (cf.
731 2731 822 2785 Marc.
838 2733 1023 2798 p.146,15).·
1043 2734 1140 2800 (pore.)

121 2800 285 2856 0010111000.
342 2800 515 2855 tdurieiem
533 2803 561 2858 b:
581 2802 687 2855 -tiam
705 2819 728 2856 r.
783 2799 947 2869 impositum
965 2818 987 2854 0.
1046 2807 1140 2855 'Ioum

122 2875 150 2928 b:
171 2889 205 2926 ex
223 2890 246 2926 r.
319 2872 466 2925 decoctum
483 2890 506 2926 0.
580 2872 755 2942 8001100010
775 2873 816 2925 00.
871 2869 1011 2938 imponito
1030 2874 1101 2939 (hic)
1116 2891 1140 2927 0.

123 2949 138 2997 9
150 2941 344 3016 quinquefolie
358 2941 447 2995 herba
458 2944 520 3011 (ips.
532 2960 600 2998 0000.
610 2961 644 2997 000
657 2943 754 3008 herbe)
765 2944 793 2995 b:
809 2939 1003 3008 quinquefolia
1016 2942 1107 2997 herba
1116 2962 1139 3000 r.

195 3013 331 3083 maligma
349 3015 373 3067 0.
448 3016 482 3065 10
501 3019 528 3066 s's
543 3016 567 3068 0,
642 3012 761 3066 duritias
781 3014 809 3065 00
827 3010 1019 3066 condilomate
1038 3031 1065 3069 r:
1090 3015 1140 3068 do·

108 3085 198 3139 lores
215 3085 219 3158 Ι
236 3083 433 3139 condolomata
452 3085 475 3141 0,
575 3090 607 3138 11
627 3082 751 3152 strignus
771 3085 813 3137 00.
922 3098 986 3134 eum
1004 3100 1078 3152 pane
1097 3085 1140 3139 in-

122 3156 189 3211 fusa
207 3175 229 3212 0.
320 3153 426 3209 recenti
446 3156 473 3208 0;
493 3157 558 3208 -00
576 3173 598 3210 r.
698 3159 730 3206 12
750 3156 779 3206 et
797 3169 882 3220 supra
901 3152 1007 3221 scripta
1026 3157 1090 3222 (sie)
1110 3158 1139 3210 b:

124 3245 307 3313 (strumas)ll
320 3263 343 3299 r.
376 3248 432 3295 ⁴13
452 3246 536 3296 sanat
554 3245 582 3298 b:
603 3245 681 3296 stant
698 3260 720 3296 r.
810 3247 842 3294 19
861 3242 926 3296 hoec
944 3259 1001 3294 000οι
1018 3244 1098 3299 habet
1115 3264 1139 3311 0,

20 3343 45 3368 κ
122 3319 172 3383 qui
190 3318 255 3370 iude
277 3318 311 3370 00
336 3315 417 3369 initio
439 3315 521 3368 laius
543 3315 661 3383 capitali
684 3314 739 3367 000
758 3319 834 3366 uate
856 3329 922 3366 usus
947 3330 999 3366 esse
1021 3316 1139 3380 videtur,

120 3403 170 3438 nec
181 3394 314 3454 prostant
326 3388 358 3440 00
370 3402 385 3439 0
399 3386 464 3454 puio
483 3387 514 3439 iu
527 3386 576 3439 000
589 3385 679 3438 codice
692 3385 850 3438 exciderunt
861 3386 944 3449 (inter
957 3385 1005 3450 fol.
1015 3388 1137 3449 24-25)

121 3474 140 3510 0
158 3458 249 3510 verbis
268 3456 298 3510 si
317 3456 363 3510 oui
382 3454 457 3509 oculi
473 3453 722 3509 reumatizaverint
738 3456 789 3521 (ed.
804 3455 871 3523 Arg.
883 3472 912 3522 p.
928 3460 971 3520 11,
986 3458 1016 3520 8)
1034 3455 1038 3526 l
1054 3470 1138 3521 usque

125 3529 161 3584 ud
178 3545 201 3582 0.
220 3526 223 3596 l
241 3529 292 3579 aut
311 3525 420 3580 arboris
438 3525 500 3593 pini
514 3525 584 3580 folia
597 3525 729 3578 molliora
748 3527 798 3578 aut
817 3527 945 3579 anetum.
956 3569 961 3580 .
974 3527 1135 3594 Ι(01016).
