2392 3922
467 165 734 218 sonrrsuuurn.
1043 166 1107 230 327

162 326 243 379 Item.
267 323 296 377 si
320 323 418 377 dolor
442 322 617 377 stomacho
642 322 810 391 evenerit,
834 323 889 377 tali
916 323 978 379 oleo
1001 325 1108 379 fomen-

86 404 174 460 tabis.
204 407 232 470 It
254 402 386 469 storacis,
411 401 561 470 absinthii,
590 402 685 470 aloae,
711 401 843 456 mastices
868 420 923 457 ana
941 405 1010 463 ÷1.
1036 404 1108 460 haec

88 484 209 539 linteolo
228 483 320 554 ligata
339 483 471 537 infundes
490 482 520 535 in
539 481 595 535 olei
619 482 675 535 551
694 484 722 535 et
741 481 801 535 vini
819 481 941 551 hemina,
961 487 990 538 et
1005 502 1107 552 coques

87 581 178 632 nsque
197 563 296 619 vinum
314 564 503 617 consumatur.
531 560 598 614 hinc
618 560 776 616 diutissime
800 563 975 617 stomachum
1001 565 1107 620 fomen-

87 643 174 698 tabis.
204 642 348 712 epithema
376 641 562 695 diamelilotu.
593 640 674 695 dabis
703 642 791 695 etiam
813 642 853 696 eis
881 642 979 697 bibere
1003 645 1108 713 cymini
1135 659 1148 699 5

87 723 146 777 assi
166 723 294 777 cocleare
314 721 464 775 dimidium
483 724 511 776 et
530 720 644 775 seminis
667 721 726 790 apii
744 722 913 776 tantundem
932 739 966 777 ex
985 741 1059 792 aqua
1078 725 1108 778 in

88 821 145 872 qua
164 820 231 858 rosa
251 802 368 857 decocta
387 805 437 856 est.

161 883 250 937 Sane
277 881 306 935 si
330 880 510 950 singultus
533 879 685 949 frigidus
709 898 743 935 ex
765 880 897 950 flegmate
924 887 1106 951 permanente
1141 949 1143 954 Ι

87 961 236 1016 stomacho
270 959 430 1026 obvenerit,
462 959 536 1012 hanc
571 961 644 1014 dabo
682 960 834 1029 potionem.
871 961 977 1030 piperis
1000 976 1037 1021 -;-
1059 963 1105 1031 ΠΙ,

86 1040 211 1095 castorei
229 1054 265 1098 ÷
279 1040 304 1109 I,
324 1039 355 1092 in
379 1039 524 1109 pulverem
548 1038 716 1113 <redacta>.
751 1039 832 1094 dabis
855 1038 886 1091 in
914 1056 989 1107 aqua
1012 1040 1106 1094 calida
1121 1057 1146 1095 ιο

87 1120 216 1175 cocleare
230 1120 251 1173 Ι,

158 1201 245 1253 Item
264 1197 370 1253 aliter
388 1199 430 1252 ad
454 1199 652 1268 singultum.
681 1198 800 1268 piperis,
826 1197 948 1252 castorei
971 1215 1026 1252 ana
1044 1199 1106 1258 -;-Ι

86 1296 151 1333 cum
175 1279 272 1333 calida
294 1278 385 1334 bibat.
418 1279 487 1333 item
510 1295 609 1331 manus
636 1276 696 1331 eius
725 1278 823 1330 ambas
851 1275 881 1329 in
909 1294 983 1345 aqua
1012 1278 1106 1333 calida

87 1359 178 1413 facias
197 1361 303 1413 tenere.
332 1358 402 1412 item
421 1357 538 1412 anulum
556 1356 669 1411 assidue
688 1374 751 1410 curn
772 1356 870 1426 digitis
888 1356 1105 1412 medicinalibus

87 1440 123 1493 de
142 1440 245 1493 dextra
267 1455 353 1491 manu
376 1438 407 1491 in
431 1437 575 1492 sinistram
599 1438 696 1504 duces,
722 1437 756 1490 de
776 1435 891 1490 sinistra
913 1436 944 1490 in
968 1437 1104 1494 dextram.
1120 1452 1145 1492 15

86 1518 157 1573 item
166 1518 271 1573 no'men
280 1517 340 1572 eius
350 1517 382 1570 in
395 1535 481 1571 manu
495 1517 556 1572 eius
566 1517 714 1571 retroactis
728 1515 833 1570 litteris
848 1516 953 1571 scribes
969 1520 998 1571 ct
1011 1517 1105 1587 legere

87 1597 170 1652 illum
188 1599 244 1653 hoc
262 1615 365 1652 nomen
383 1597 479 1652 facies.
509 1596 532 1650 si
547 1599 643 1651 autem
661 1595 806 1650 litteratus
824 1613 882 1650 non
899 1596 993 1666 fuerit,
1013 1596 1106 1666 ipsum

86 1696 190 1733 nomen
210 1679 246 1732 de
264 1695 350 1731 manu
369 1677 429 1732 eius
454 1695 488 1732 ex
513 1693 588 1745 aqua
611 1675 705 1730 caiida
728 1675 853 1744 lavabis,
873 1679 903 1730 et
920 1676 1011 1731 bibat.
1039 1695 1106 1732 nam

87 1762 118 1812 et
135 1759 199 1812 loco
219 1757 313 1812 calido
333 1757 358 1811 si
376 1757 478 1827 iaceat,
497 1756 618 1810 multum
635 1755 724 1825 iuvat,
745 1759 774 1810 et
792 1759 890 1825 pectus
910 1755 970 1810 eius
989 1773 1024 1810 ex
1042 1756 1105 1810 oleo

86 1837 208 1891 nardino
227 1836 274 1891 vel
292 1835 408 1904 cyprino
423 1835 548 1905 fricabis,
568 1838 597 1890 et
611 1835 761 1890 adrianum
775 1835 913 1905 optimum
931 1835 1012 1904 potui
1027 1836 1103 1904 dato,
1119 1849 1145 1888 ac

87 1933 138 1970 seu
157 1915 425 1984 diatrionpepereon
442 1915 489 1970 vel
509 1916 686 1970 diatessaron
705 1932 812 1970 summe
830 1914 908 1969 facit.

160 1996 302 2067 [Fastidio
322 1995 486 2050 incidente.
504 2039 508 2050 .
526 2041 531 2050 .
547 1996 596 2051 Pr.

256 2139 304 2192 Ad
321 2140 530 2207 id.11,29(9o
545 2145 609 2207 post
626 2137 743 2191 valeant
762 2137 942 2205 abstergere).

159 2218 302 2271 Rafanum
325 2234 388 2270 cum
411 2215 494 2269 melle
514 2218 543 2269 et
569 2219 649 2271 aceto
674 2217 748 2270 edat.
781 2214 941 2269 vettonicae
960 2215 1017 2276 311
1041 2232 1104 2268 curn

87 2314 179 2366 aquae
198 2297 308 2351 mulsae
328 2296 419 2365 cyatis
434 2296 472 2348 ΙΠ
491 2295 581 2364 bibat,
601 2295 671 2350 mire
690 2295 845 2349 sanabitur.
1118 2315 1143 2353 25

257 2431 304 2484 Aa
322 2430 360 2484 id.
374 2430 417 2484 II.
431 2433 469 2484 29
483 2432 528 2498 (91
545 2437 608 2497 post
627 2431 720 2482 murta
739 2431 820 2482 cocta
838 2428 942 2498 fuerit).

160 2511 194 2565 Si
213 2509 379 2563 nimietas
398 2526 477 2563 vero
492 2508 641 2562 vomitus
656 2508 764 2562 fuerit
782 2508 979 2578 hominemque
994 2509 1104 2564 vexarit

86 2591 216 2659 nihilque
236 2589 293 2643 cibi
310 2588 454 2642 continere
468 2589 580 2657 poterit.
605 2593 630 2654 It
645 2587 723 2641 aneti
737 2595 754 2649 5
769 2589 790 2657 I,
808 2587 914 2657 piperis
929 2597 946 2651 5
961 2592 1103 2658 quattuor,

87 2671 229 2739 cymini5
252 2671 394 2736 quattuor.
423 2668 494 2721 haec
523 2667 617 2721 omnia
640 2666 709 2721 trita
736 2667 901 2722 tenuissime
931 2669 1012 2723 dabis
1041 2687 1104 2722 cum

88 2767 164 2817 aqua
182 2749 213 2802 in
232 2765 289 2816 qua
308 2746 415 2801 coxeris
434 2749 559 2799 mentam
578 2750 607 2801 et
625 2746 701 2800 mala
720 2747 842 2814 cydonia
861 2747 907 2801 vel
926 2749 1103 2802 summitates
1118 2774 1144 2811 30

86 2833 199 2882 teneras
225 2828 259 2881 de
283 2825 390 2880 vitibus
415 2829 465 2879 aut
487 2829 609 2880 murtam
632 2825 760 2880 viridem.
788 2827 876 2879 addes
899 2826 943 2879 ius
967 2828 1056 2881 etiam
1075 2830 1104 2880 et

159 3042 270 3123 lnrubr.
286 3041 309 3094 b.
383 3015 456 3092 seori
477 3041 499 3093 b.
574 3042 718 3091 2storace
738 3038 761 3090 h.
842 3035 913 3090 aloe.
932 3035 1058 3089 mastice.
1079 3038 1101 3090 b.

86 3155 104 3201 4
123 3125 197 3201 aod
217 3148 241 3200 s.
335 3144 494 3214 supreme
514 3144 562 3198 esa
580 3143 718 3197 memora
738 3143 812 3196 aa
833 3144 857 3196 s.
949 3143 1057 3195 ersa.
1078 3143 1101 3196 c.

88 3217 256 3287 lOIpulve
278 3215 333 3269 dab
354 3218 377 3270 b.
470 3222 502 3269 12
521 3217 596 3270 rubr.
611 3216 634 3268 b,
728 3217 760 3264 13
779 3210 836 3265 bib.
852 3212 875 3264 b.
951 3216 983 3263 15
1003 3211 1101 3266 ducb.

88 3296 122 3344 16
140 3288 256 3344 retratis
279 3289 302 3342 b.
394 3286 505 3355 scriptis
526 3288 548 3340 b.
628 3282 729 3336 rabit
749 3284 772 3336 h.
846 3286 880 3333 20
898 3281 987 3334 nardo
1007 3283 1030 3335 b.

86 3378 237 3432 adrianum
256 3378 272 3431 b
292 3378 336 3444 (cc.
356 3375 471 3444 vinum).
580 3377 612 3424 21
632 3370 736 3440 pipeon
755 3371 778 3423 b.
875 3374 909 3421 24
927 3358 1059 3442 vetiinice
1078 3373 1102 3426 b.
1174 3390 1179 3427 r

85 3472 120 3520 cfr
139 3456 176 3534 aii
190 3465 285 3519 mulsa
300 3467 406 3531 cyatos.
421 3464 469 3517 ΙΠ.
484 3462 528 3515 bb.
545 3463 567 3514 b.
638 3464 671 3513 27
687 3457 717 3512 Si
733 3461 737 3527 Ι
753 3456 854 3510 mietas
866 3459 928 3525 (sic)
942 3466 988 3514 etc.
1004 3462 1062 3514 roh
1079 3462 1102 3516 b.

85 3538 179 3593 fuerat
194 3541 218 3593 b.
294 3539 327 3586 31
347 3534 451 3588 mirtha
470 3529 550 3586 virid'
572 3534 594 3586 b.
668 3529 750 3583 addis
770 3530 792 3583 b.
