2392 3922
67 190 132 256 296
415 193 763 246 PSEUDO-THEODORI

66 353 140 404 teres
159 349 237 403 etin
254 350 369 403 modum
390 348 479 404 ceroti
501 349 617 406 illinies.
644 352 698 405 hoc
715 351 820 421 pedum
845 350 972 406 dolorem
991 355 1021 407 et
1038 355 1080 408 tu·

65 445 172 483 morem
190 427 236 482 vel
255 429 304 496 qui
323 445 387 482 cum
405 429 503 484 scabia
523 431 621 484 dolent
639 433 729 486 sanat.

136 508 181 562 Ad
194 508 285 562 malos
303 509 408 577 pedum
427 509 550 579 dolores,
575 510 613 564 ad
635 527 732 564 reuma
751 525 832 564 omne
851 510 979 579 corporis
998 513 1080 566 etad

65 587 206 658 pruritum
224 590 254 642 et
272 589 310 642 ad
327 588 448 658 papulas
474 589 599 645 minutas
622 592 652 644 et
675 589 750 644 sciae
769 591 799 644 et
824 606 924 644 renum
948 589 1080 659 dolorem,

40 668 163 723 somnia
182 667 307 722 desiccat
330 671 359 722 et
382 669 419 722 ad
442 669 595 724 sanitatem
616 668 755 739 perducit.
783 669 837 723 hoc
854 672 955 724 utatur
972 670 1004 724 in
1021 670 1080 725 bal-

67 748 135 802 neis.
166 749 242 816 quod
261 748 407 802 conficitur
426 748 475 804 sic.
499 749 604 818 piperis
623 756 678 803 unc
691 748 743 817 IH,
766 748 818 803 alii
839 765 892 819 pro
914 749 1014 820 pipere
1037 768 1079 818 oy·

66 845 165 898 perum
184 827 328 898 dixerunt,
349 828 491 898 sulphuris
510 829 569 884 vivi
587 838 641 882 unc
655 828 707 897 111,
726 845 843 884 ovorum
860 828 992 884 inanium
1010 847 1080 885 com-

66 908 215 962 bustorum
237 907 339 962 cineris
362 916 416 962 uno
434 909 486 977 ΠΙ,
514 908 644 963 afronitri
667 907 834 963 matronalis
857 915 913 962 unc
930 909 987 978 111,
1014 908 1078 964 nitri

68 985 246 1040 alexandrini
273 987 413 1042 combusti
436 995 491 1042 unc
513 988 565 1057 IH,
588 987 640 1042 alii
653 988 720 1042 VIII
738 987 876 1070 dixerunt.
905 987 1015 1042 nitrum
1037 1005 1079 1042 oo

27 1080 54 1120 ro
69 1081 137 1134 ques
161 1082 245 1135 super
268 1066 404 1120 carbones
422 1068 451 1120 et
474 1066 540 1123 vino
564 1068 654 1122 veteri
677 1067 838 1137 extimes,
862 1069 892 1121 et
914 1067 1021 1122 iterum
1038 1085 1079 1122 oo·

68 1162 136 1214 ques
156 1149 185 1200 et
203 1146 234 1200 in
251 1146 340 1216 pilam
357 1145 454 1201 mittes
468 1150 498 1201 et
512 1147 607 1202 omnia
621 1149 659 1202 ad
671 1147 816 1218 pulverem
828 1148 933 1202 tundes
948 1151 979 1203 ct
991 1147 1080 1202 cribro

68 1225 147 1279 tenui
171 1243 280 1295 cernes,
308 1230 338 1281 et
360 1226 390 1279 in
417 1227 520 1282 balneo
544 1228 639 1282 uteris.
668 1227 774 1282 etenim
795 1227 826 1280 in
853 1243 911 1280 una
936 1226 1079 1282 lavatione

67 1306 180 1358 tantum
199 1305 314 1359 sudabit
337 1308 474 1373 quantum
497 1306 527 1359 in
551 1307 675 1375 quinque
697 1305 807 1361 balneis
831 1307 934 1361 sudare
958 1324 1018 1362 non
1034 1323 1080 1376 po-

66 1382 143 1437 terit.
172 1386 201 1437 et
228 1400 339 1438 omnem
364 1401 490 1439 umorem
516 1403 606 1454 usque
629 1387 664 1441 de
687 1385 819 1441 medullis
841 1385 913 1440 mire
940 1386 1033 1441 siccat
1054 1389 1081 1439 et

25 1475 52 1515 16
66 1461 192 1515 maculas
219 1462 298 1517 tollit
325 1467 355 1518 et
377 1481 488 1518 omnem
512 1465 638 1520 dolorem
661 1457 750 1522 sedat.
778 1466 831 1520 hoc
859 1465 1081 1535 experimentum

67 1556 181 1594 omnes
201 1544 360 1596 auctores
379 1543 530 1598 affirmant.

137 1620 218 1674 fimus
237 1621 409 1690 gallinarum
431 1622 552 1678 illinitus
572 1624 610 1678 ad
631 1625 737 1694 pedum
760 1625 886 1680 dolorem
908 1624 981 1678 mire
1004 1624 1080 1679 facit.

66 1699 143 1770 pilae
167 1701 292 1770 cupressi
315 1702 346 1756 in
368 1719 444 1771 aqua
466 1703 577 1758 marina
601 1704 735 1759 decoctae
754 1704 796 1759 ita
822 1707 855 1758 ut
875 1703 977 1759 molles
1003 1704 1082 1772 fiant,

66 1780 170 1835 tundes
188 1780 220 1833 in
237 1780 298 1850 pila
320 1784 350 1836 et
373 1781 493 1837 subinde
517 1800 592 1852 aqua
610 1799 750 1853 asperges.
779 1783 924 1854 malagma
942 1783 1008 1853 liat,
1032 1783 1083 1836 im-

28 1873 53 1913 ao
67 1859 179 1930 ponito,
206 1861 312 1931 pedum
339 1863 464 1917 dolorem
496 1863 582 1918 tollii.
610 1866 717 1918 stercus
745 1862 937 1918 columbinum
964 1862 997 1916 in
1023 1862 1083 1933 pila

67 1940 179 2010 tondes,
198 1944 228 1996 et
245 1942 361 2011 pulvere
379 1942 441 2013 ipso
460 1946 537 1998 creto
555 1942 607 1998 fiat
625 1943 763 1998 sextarius
777 1943 798 2013 I,
817 1943 959 2012 axungiae
978 1943 1082 1998 veteris

67 2019 172 2075 libram
189 2021 215 2090 1,
244 2021 299 2076 olei
328 2022 437 2092 cyprini
462 2022 647 2093 semunciam,
675 2023 731 2079 olei
757 2021 871 2078 nardini
899 2023 1083 2092 semunciam,

68 2100 163 2154 omnia
180 2102 283 2156 tundes
301 2101 433 2157 miscebis
453 2106 482 2158 et
499 2103 634 2173 impones.
663 2107 692 2158 et
714 2103 768 2157 hoc
785 2103 973 2158 medicamine
998 2120 1082 2158 sanus

68 2179 123 2233 eris
141 2197 193 2249 per
207 2198 295 2236 annos
309 2181 454 2252 plurimos,
474 2182 502 2237 si
522 2184 585 2238 deo
603 2183 787 2253 placuerIt.
815 2182 918 2237 vitium
932 2181 1005 2236 cinis
1020 2199 1083 2236 oum

27 2269 53 2309 25
68 2260 192 2330 axungia
210 2261 300 2316 veteri
324 2261 472 2332 impositus
492 2264 616 2318 dolorem
635 2266 665 2318 et
685 2265 824 2317 tumorem
846 2260 931 2317 tolIIt.
956 2260 1084 2331 cupressi

67 2337 138 2393 folia
148 2340 271 2394 contrita
280 2349 336 2395 unc
344 2342 378 2412 Π,
390 2343 472 2412 panis
486 2343 612 2397 medulla
621 2342 712 2397 unciis
723 2345 858 2410 quattuor
867 2358 931 2394 cum
940 2340 1085 2410 axungiae

67 2418 171 2472 veteris
186 2419 277 2473 unciis
291 2421 318 2474 Π
332 2421 362 2474 in
377 2440 465 2475 unum
479 2422 602 2477 contrita
616 2425 645 2477 et
658 2421 793 2492 imposita
806 2421 876 2475 mire
891 2419 1019 2475 dolorem
1029 2419 1083 2474 tol-

67 2494 137 2550 lunt.
167 2496 262 2551 caules
282 2500 409 2553 sambuci
429 2517 492 2554 oum
511 2517 577 2556 sevo
595 2501 705 2557 hircino
723 2501 786 2556 triti
805 2503 834 2555 et
851 2499 978 2569 impositi
997 2500 1083 2555 vehe-

139 2720 155 2769 3
173 2716 293 2788 Ad—(b)
311 2719 422 2774 balneis
441 2725 516 2778 rubr.
540 2725 700 2780 scribantur
719 2725 804 2791 (once
821 2723 895 2790 dedi)
915 2722 947 2775 irs
965 2736 992 2787 c,
1016 2737 1082 2789 qao-

66 2804 129 2842 rum
138 2789 259 2857 prbonum
270 2797 379 2859 partem
393 2792 634 2865 (Ad-pruritum)
653 2812 703 2849 om.
718 2796 742 2860 b,
760 2795 811 2848 abi
824 2795 889 2847 talis
902 2798 940 2847 est
953 2792 1082 2846 rubrica:

67 2858 104 2912 Et
123 2859 160 2912 ad
178 2859 298 2929 papulas
317 2863 346 2916 et
364 2862 421 2917 scie
440 2867 470 2918 et
487 2881 586 2919 renum
601 2865 726 2919 dolorem
739 2871 803 2916 oma
818 2863 853 2915 de
868 2863 941 2917 sicat
954 2864 983 2916 et
998 2865 1084 2915 sanat

70 2933 172 3000 r(p.62
189 2932 248 2986 stac
265 2934 341 2987 rubr.
357 2936 459 3006 perpit)
496 2952 530 2990 oo
549 2938 667 2990 utatur.
683 2975 711 2988 ..
757 2937 914 2986 treunam
932 2947 1079 2987 omuemc.

68 3007 84 3054 6
104 3019 137 3070 cy
158 3020 187 3055 m
205 3003 229 3058 b.
308 3008 323 3057 7
342 3003 437 3058 Sulfur
454 3005 522 3061 vivii
540 3006 580 3059 ΠΙ
594 3018 628 3066 ÷
647 3004 707 3058 Ova
725 3000 823 3055 inania
842 3002 990 3057 combusta
1009 3002 1080 3056 cinis

66 3086 103 3132 ÷
171 3074 194 3129 b.
285 3081 317 3128 11
337 3074 398 3144 pilu
418 3078 441 3132 b.
532 3081 566 3129 12
588 3091 686 3130 carnes
705 3075 728 3128 b.
828 3077 860 3125 13
880 3073 965 3127 sudat
984 3076 1008 3128 b.

68 3148 102 3196 16
122 3147 234 3198 autores
254 3147 277 3200 b.
351 3152 384 3200 18
403 3146 484 3201 molli
500 3146 571 3200 fiant
589 3148 612 3201 b.
683 3141 834 3210 repedita
855 3145 1080 3224 (propeduu)b3

68 3219 100 3266 21
128 3214 244 3284 pulvere
272 3215 335 3285 ipsu
364 3220 442 3272 cretir
469 3217 502 3270 fit
529 3215 660 3271 sextarii.
684 3215 704 3268 l.
838 3230 962 3283 axungra
990 3216 1080 3269 veteri

66 3283 107 3337 lib
126 3287 146 3340 l.
167 3288 190 3341 b.
299 3292 332 3340 22
352 3287 366 3339 i
386 3290 401 3342 b
425 3287 497 3357 (bis).
606 3291 640 3340 23
667 3283 767 3338 misces
796 3285 824 3336 et
850 3283 963 3352 inponis
983 3287 1007 3339 b.

68 3359 101 3406 25
120 3355 257 3424 {positum
274 3356 328 3411 hoo
342 3357 381 3426 (li)
400 3358 425 3412 d.
446 3359 469 3412 b.
579 3363 613 3411 26
632 3354 701 3410 lolia
720 3355 843 3408 contrita
857 3355 890 3408 Π.
909 3367 953 3413 -;-.
972 3355 1003 3410 Ρ.
1023 3371 1080 3408 me-

169 3439 182 3467 0

67 3439 217 3603 {lplltaffilrl}J
226 3489 262 3538 ÷
276 3479 408 3549 Axungia
422 3478 519 3534 veteri.
534 3480 569 3535 11.
583 3492 620 3538 -ζ-
632 3478 663 3532 in
675 3481 733 3531 unii
748 3476 872 3531 contritu
886 3480 915 3531 et
932 3477 1040 3546 ipositir
1055 3480 1078 3532 b.

135 3563 150 3600 o
219 3591 224 3603 .
