2392 3922
327 194 571 248 momarou
587 194 845 249 niunonnnou.
1063 195 1105 259 57

105 464 196 527 ivm
234 464 286 527 lle
314 468 473 527 minutis
501 465 644 545 papulis
672 468 709 527 iu
736 466 830 527 facie
858 466 913 527 vel
942 467 1074 547 ubique

228 554 480 616 nascentibus
505 573 592 634 quas
614 554 763 616 iouthus
786 556 948 617 dicimus.

160 660 290 723 lonthos
321 660 492 742 appellatur
515 663 567 740 qui
595 664 626 722 in
654 661 729 723 facie
753 681 841 741 quam
864 664 992 722 maxime
1015 659 1160 724 velutibb

87 750 278 813 lmrissimus
300 756 404 812 tumor
427 752 597 811 innascitur
619 753 804 832 repentinus,
827 752 880 830 qui
900 769 1035 812 umorem
1055 751 1106 812 ali-

87 840 194 921 quando
212 842 366 919 pinguem
389 839 551 918 aliquando
574 842 757 919 aquatiorem
777 841 900 920 emittit,
922 843 1057 919 pruritus
1077 847 1107 900 et
1133 855 1146 896 a

88 928 306 991 minorationes
324 935 478 1008 procurat.
519 926 568 989 hic
587 928 715 1008 oxymeli
733 947 770 989 ex
788 931 850 989 acri
868 935 951 989 aceto
971 935 1001 988 et
1018 928 1106 989 melle

88 1020 180 1099 aequis
203 1016 400 1098 ponderibus
419 1017 555 1079 confecto
574 1017 724 1096 frequenti
743 1017 957 1078 confricatione
976 1024 1106 1078 curatur.

88 1106 291 1187 clamygdala
315 1124 417 1166 amara
441 1124 511 1167 cum
534 1112 615 1166 aceto
640 1108 702 1166 acri
724 1107 853 1166 contrita
876 1105 1014 1166 similiter
1037 1124 1106 1184 ope-

89 1204 190 1257 natur.
238 1212 315 1256 nam
339 1201 370 1255 et
391 1195 516 1255 trocisci
538 1212 573 1255 ex
596 1195 654 1256 hoc
678 1195 806 1256 confecti
824 1201 854 1255 et
872 1196 904 1255 in
922 1200 1005 1254 aceto
1025 1210 1106 1252 reso-

89 1282 134 1345 lm
157 1284 337 1346 medentur.
383 1290 453 1362 post
477 1301 548 1343 vero
572 1291 712 1363 saponata
739 1283 837 1344 lavare
860 1282 1015 1342 linimenta
1038 1300 1106 1342 con·
1122 1298 1148 1338 io

88 1376 185 1435 reniet

166 1464 196 1523 si
219 1479 297 1522 vero
320 1460 415 1521 veluti
438 1460 644 1521 exanthemata
666 1479 740 1540 quas
769 1461 884 1522 scabies
908 1461 1050 1542 dicimus,
1076 1458 1161 1523 ineo

89 1552 154 1612 fatie
178 1550 229 1611 rel
254 1552 344 1629 genis
369 1568 405 1610 ex
428 1567 567 1611 umorum
589 1549 728 1610 acredine
747 1550 793 1610 vel
813 1549 1000 1629 plenitudiue
1019 1568 1107 1628 appa-

88 1643 212 1721 ruerint,
245 1637 380 1699 hederae
414 1640 540 1718 agrestis
572 1638 642 1698 folia
674 1658 742 1699 cum
774 1638 862 1699 melle
894 1641 1021 1699 coutrita
1053 1656 1107 1717 pro

89 1728 241 1790 linimento
273 1726 443 1788 adhibenda
471 1720 572 1788 erunt]
612 1734 663 1788 aut
686 1733 767 1788 certe
791 1727 882 1789 ahum
906 1746 974 1788 cum
997 1726 1108 1787 salibus
1123 1743 1148 1783 1⁶

89 1820 187 1879 bitum
210 1820 312 1878 mixto
337 1815 402 1876 oleo
421 1833 509 1876 roseo
528 1815 666 1876 similiter
684 1814 850 1878 adhibetur.
888 1818 932 1877 sic
951 1815 1108 1894 galbanum

89 1904 146 1967 oleo
168 1905 355 1985 resolutum,
378 1906 422 1965 sic
445 1904 511 1965 faex
533 1906 595 1965 vini
618 1911 649 1965 et
670 1905 726 1965 iris
748 1904 871 1986 illyrica,
893 1911 1019 1982 utraque
1039 1922 1107 1963 con-

90 2006 146 2055 lusa
171 2002 204 2055 et
223 2012 297 2055 cum
317 1993 382 2053 oleo
401 2011 489 2053 roseo
508 1995 667 2053 commixta
690 1993 835 2054 medetur.
873 1999 902 2053 et
921 1992 1021 2052 cedria
1040 2009 1107 2050 cum

152 2225 167 2272 1
194 2220 238 2273 cic
262 2219 309 2285 (et
328 2233 381 2286 pro
408 2215 456 2270 vel
477 2219 502 2285 r)
526 2219 567 2272 cit.
594 2217 750 2272 forbelet
771 2216 899 2285 (ionthus
924 2216 996 2270 Gal:
1020 2212 1108 2282 yctic⁹

89 2293 103 2343 i.
119 2309 139 2344 e.
158 2288 322 2359 yctericus!
338 2303 392 2356 pro
410 2286 501 2354 ydticf
519 2304 588 2343 corr.
607 2290 636 2343 d:
666 2287 707 2341 De
730 2287 845 2357 papulis
868 2285 985 2339 minutis
1004 2285 1109 2354 ubique

87 2360 272 2415 merentibus
291 2358 377 2413 XVII.
396 2359 438 2426 B,
457 2360 492 2425 cf.
510 2377 551 2428 qr.
566 2377 596 2428 p.
612 2365 668 2414 352
688 2358 764 2427 (Gal.
780 2359 853 2425 XII,
871 2362 937 2413 825.
957 2362 1037 2423 827).

87 2437 191 2500 aquae
215 2431 236 2486 i.
263 2430 290 2484 d.
315 2446 366 2484 om.
390 2430 418 2483 B
441 2435 467 2483 ct
492 2431 537 2484 bie
564 2432 623 2499 (qwi
649 2430 687 2484 od
710 2436 800 2484 hctus
827 2431 940 2483 initium
967 2431 1063 2497 trahit)
1085 2448 1108 2484 r.

86 2502 237 2556 elenchos
259 2502 344 2569 (Get,
367 2498 457 2554 Yovt⁹
474 2502 595 2556 incertos
609 2502 635 2569 b)
659 2517 722 2570 app.
748 2499 798 2568 qui
821 2500 919 2555 boeti
944 2498 1051 2565 Quibus
1071 2501 1107 2568 B,

87 2573 178 2627 lontos
198 2571 326 2625 dicimus
340 2571 444 2640 quibus
457 2589 480 2626 r.
535 2576 553 2624 4
565 2570 747 2624 brevissimus
762 2573 797 2625 rb
808 2570 879 2626 Get:
898 2569 1058 2624 levissimus
1073 2573 1108 2625 B.

87 2643 253 2714 repentinus
272 2644 321 2697 rB
332 2644 404 2698 Gela
424 2659 473 2696 om.
489 2643 512 2697 b.
635 2641 828 2709 qui—emittit
847 2642 946 2697 loeta
964 2642 1110 2696 humorem

86 2714 245 2784 ahquando
268 2713 405 2785 pinguem
433 2711 585 2781 aliquando
610 2712 786 2781 aquationem
812 2712 928 2767 mittens
951 2713 1067 2782 (emittit
1085 2716 1109 2781 r)

87 2787 130 2840 ΥΒ
148 2790 196 2853 ljos.
216 2804 261 2857 pr.
281 2784 320 2854 μὴ
339 2784 428 2854 μόνον
446 2784 539 2854 παχύν
549 2803 579 2854 p.
590 2786 663 2853 352).
737 2789 753 2836 6
767 2786 900 2852 procurat
913 2786 949 2839 rb
961 2787 1032 2840 eei„
1047 2800 1110 2852 pro·

86 2874 219 2911 nummus
239 2857 278 2909 Β.
395 2854 442 2909 hic
462 2856 531 2911 Gal:
552 2855 597 2908 his
616 2857 652 2910 cb
671 2857 732 2924 (om.
751 2855 797 2924 Β).
906 2857 935 2909 et
952 2855 1110 2921 melle-(8)

85 2929 141 2983 ocri
160 2946 215 2983 om.
237 2946 261 2982 r.
372 2933 387 2980 7
405 2926 546 2995 frequenti
569 2926 656 2982 confr.
675 2925 768 2995 (perir.
790 2927 860 2995 Gal.)
878 2928 992 2980 curatur
1011 2923 1109 2978 coela

85 2998 310 3054 confricationes
334 3000 466 3052 curantur
483 2999 511 3052 B
535 2999 598 3067 (qui
620 3015 670 3052 om.
694 2996 835 3065 frequenti
849 3023 883 3043 =
897 3014 937 3066 qr.
958 2994 1003 3048 ἐπι
1025 2994 1110 3059 ctos).

85 3076 100 3124 8
117 3072 280 3141 operantur
298 3069 339 3124 B:
360 3070 473 3122 -ratur
490 3071 528 3124 rb
538 3070 596 3124 Gal.
688 3073 704 3121 9
723 3067 841 3122 resoluti
855 3067 949 3133 rdet,
969 3014 1054 3117 soibti
1069 3061 1109 3118 B:

85 3142 170 3196 diluti
188 3142 235 3196 ita
255 3144 271 3197 b
287 3139 422 3209 (διαλύων
440 3143 499 3210 qn).
616 3145 650 3194 10
668 3155 735 3193 vero
753 3141 803 3194 rb:
822 3154 888 3193 vero
907 3135 994 3215 etiam
1006 3135 1040 3213 ‘B
1051 3134 1110 3188 Get.

86 3218 228 3283 seponatis
247 3216 296 3281 (oc.
317 3214 373 3280 bb,
393 3212 458 3264 -to
479 3212 553 3277 oet,
574 3209 683 3265 σάπωνι
701 3229 740 3282 qr.
757 3228 787 3279 p.
803 3211 870 3277 322)
891 3250 896 3261 .
915 3250 919 3261 .
937 3250 942 3260 .
961 3204 1111 3257 hnmanae

86 3286 184 3341 oGe1.:
205 3284 350 3354 saponeto
422 3281 570 3336 linimento
589 3283 625 3336 B.
717 3287 750 3334 12
770 3278 881 3333 scabies
900 3279 935 3356 rb
954 3276 998 3355 (cf.
1020 3276 1109 3329 Esccl.

85 3366 129 3411 cac.
137 3380 153 3412 ιε
172 3356 291 3412 scabies
310 3355 341 3408 B
351 3354 411 3410 θεῖ.
516 3357 549 3406 13
569 3351 698 3406 acredine
719 3353 773 3407 dB
784 3351 856 3406 Get:
876 3345 1034 3400 acritudine
1052 3365 1075 3401 r.

86 3429 126 3483 vel
144 3426 336 3500 plenitudine
354 3425 436 3480 rbB:
455 3441 506 3480 om.
528 3425 586 3479 Gal.
642 3429 674 3477 17
695 3422 758 3477 oleo
777 3421 877 3476 boet:
897 3434 961 3471 cum
980 3417 1041 3471 oleo
1056 3419 1111 3472 rB.

86 3501 127 3555 fex
146 3504 182 3558 rb
193 3502 273 3559 Gal:
295 3497 375 3571 feces
394 3496 430 3550 B.
552 3498 585 3548 18
604 3494 734 3548 medetur
752 3493 851 3547 caela
870 3488 1059 3542 medebuntur
1077 3490 1111 3541 Β,

87 3574 188 3629 cedria:
203 3569 312 3629 cedria
326 3569 410 3622 cocta
423 3584 446 3621 r.
502 3581 565 3619 cum
578 3564 672 3619 resina
686 3565 715 3618 et
729 3579 794 3617 cera
803 3562 863 3617 rB:
879 3577 942 3625 cum
957 3576 1021 3614 cera
1031 3560 1111 3615 boet.
