2392 3922
114 153 156 218 98
355 110 359 124 Ι
424 154 614 208 THEODORI
630 154 810 207 PRISOIANI

181 367 304 432 XXXVI.
340 370 387 430 Ile
410 371 562 431 maculis
585 373 621 431 in
645 389 797 451 corpore
820 371 1066 432 nascentibus.
1170 330 1175 355 Ἰ

80 479 105 541 14
204 478 279 538 Sunt
298 476 406 556 quibus
426 480 516 538 certis
536 497 572 538 ex
591 477 796 539 accidentibus
818 476 951 538 maculae
970 496 1076 538 eorum
1099 480 1133 538 in

115 566 289 646 corporibus
308 567 494 644 frequentius
513 567 714 626 inhaeserunt.
744 573 814 626 sunt
830 568 910 626 enim
927 568 1041 647 nigrae,
1060 573 1135 626 sunt

114 655 196 716 albae
215 655 307 716 veluti
325 654 494 714 elefantiam
513 654 669 733 aliquando
689 657 906 715 annuntiantes.
944 653 1054 733 quibus
1073 654 1132 714 hoc

87 744 200 805 amodo
224 741 403 803 medendum
426 745 492 803 erit.
1172 808 1175 813 ,

202 837 318 892 murtae
350 831 428 891 loliis
461 831 607 892 viridibus
639 833 671 891 in
703 833 802 891 unciis
830 829 958 911 duabus,
990 832 1070 890 nitro
1101 838 1133 891 et

114 921 243 981 alumine
275 922 307 979 in
339 919 464 997 singulis
497 922 634 980 contritis
667 922 699 979 in
731 918 846 979 balneis
876 918 1005 979 fricandi
1033 925 1129 978 erunt.

114 1008 201 1070 aliud.
239 1007 398 1088 sulphuris
422 1010 506 1089 nitri,
530 1007 738 1083 aristolochiae
761 1006 858 1086 pulvis
882 1025 919 1067 ex
942 1023 1039 1085 aequo
1059 1025 1130 1067 con-

114 1100 253 1159 tritorum
275 1099 306 1156 in
333 1095 447 1156 balneis
476 1096 660 1157 adhibendus
689 1102 743 1156 est.
786 1098 882 1156 sic'et
910 1102 992 1173 gutta
1019 1113 1131 1155 ammo·

80 1204 101 1243 ro
114 1180 193 1248 niaci
215 1188 284 1246 trita
309 1202 377 1245 cum
401 1184 465 1244 oleo
488 1185 609 1263 profuit.
656 1187 699 1245 sic
727 1185 776 1244 fici
799 1183 869 1243 lolia
892 1202 961 1244 cum
984 1183 1128 1262 sulphure

114 1278 179 1336 vivo
208 1281 238 1334 et
264 1279 346 1332 aceto
374 1272 539 1333 medentur.
586 1291 654 1332 nam
683 1280 713 1333 et
737 1271 791 1332 sub
821 1271 882 1332 sole
911 1271 948 1332 de
975 1271 1031 1331 hac
1060 1290 1130 1331 con-

115 1364 241 1423 iectione
269 1367 418 1421 curantur.
461 1368 490 1422 et
518 1363 668 1440 cyminum
696 1379 764 1420 cum
792 1367 875 1422 aceto
903 1362 1009 1420 tritum
1041 1378 1130 1439 saepe

114 1453 157 1511 sic
183 1449 308 1529 profuit,
336 1451 467 1527 quinque
495 1449 601 1509 diebus
629 1448 855 1526 superaddendo
883 1449 1041 1509 linimento
1068 1467 1130 1508 non

115 1537 253 1599 delavatis
276 1536 436 1615 prioribus.
483 1540 527 1597 sic
551 1536 667 1597 cimolia
691 1539 862 1597 cumnitro
887 1544 916 1597 et
938 1536 1029 1597 bacae
1052 1537 1131 1597 lauri

80 1644 102 1685 15
116 1645 184 1688 cum
207 1633 290 1686 aceto
310 1627 549 1686 commiscentur.
587 1633 617 1685 et
635 1624 774 1684 similiter
793 1632 826 1684 ut
843 1627 944 1703 priora
963 1625 1130 1685 medentur.

113 1813 248 1871 curabis
268 1816 301 1867 et
319 1813 460 1868 clavum.
488 1812 615 1866 Marinus
630 1812 745 1882 sanguis
759 1811 850 1866 illitus
865 1828 1001 1867 verrucas
1012 1812 1128 1868 tollit...

113 1889 175 1956 (per
191 1901 284 1940 cerras
297 1889 341 1940 16.
359 1887 481 1954 sequitur
499 1901 558 1954 cop.
573 1885 732 1952 XXXVI).

186 1961 199 2009 1
218 1956 292 2010 rubr.
312 1955 354 2008 De
372 1954 492 2008 maculis
509 1962 555 2010 etc.
570 1956 606 2009 rb
623 1955 693 2011 Get:
713 1955 754 2008 De
773 1952 948 2009 elefantiosis
966 1953 1084 2019 XXXIII
1101 1954 1130 2008 Β

113 2030 169 2096 (cui
177 2043 263 2082 noum
273 2032 298 2080 et
306 2027 377 2080 idem
387 2043 446 2095 cop.
457 2032 495 2081 est
508 2043 530 2080 c.
541 2025 641 2097 36J37).
688 2031 704 2078 2
719 2025 803 2079 certis
813 2027 892 2094 ex(et
901 2029 926 2095 r)
938 2041 995 2079 acc.
1006 2025 1051 2079 rB
1058 2025 1130 2080 eet:

114 2114 148 2152 ex
175 2095 405 2152 antecedentibus
433 2095 526 2151 causis
552 2099 658 2165 (eorum
685 2095 848 2165 corporibus
871 2096 981 2150 macule
1004 2094 1130 2148 inhores-

114 2169 189 2238 cunt)
204 2169 228 2223 b.
283 2183 391 2222 eorum:
410 2169 451 2222 sic
467 2169 620 2223 rbGel.B.
674 2166 892 2236 in(corp.)odct.
911 2167 967 2222 rB.
1023 2165 1128 2220 laibe.

114 2237 275 2308 aliquocies.
299 2240 329 2291 et
350 2237 439 2293 veluti
463 2238 497 2293 el.
517 2255 580 2292 ann.
601 2240 624 2292 b.
734 2237 910 2293 elefantiam:
929 2239 969 2291 sie
986 2238 1023 2291 rb
1035 2237 1129 2291 (ΜΒ

113 2312 158 2379 (cf.
177 2308 298 2365 Scribere.
314 2311 391 2377 250).
482 2314 497 2361 6
517 2307 602 2376 myrti
620 2307 691 2361 folia
708 2307 807 2362 viridis
827 2307 913 2378 (foliis
934 2305 1072 2361 viridibus
1091 2308 1131 2377 Β)

113 2377 254 2435 inunciis
278 2379 400 2446 duabus,
423 2379 529 2432 nitrum
552 2380 581 2432 et
604 2378 717 2431 alumen
735 2378 812 2448 (nitri
836 2381 865 2433 et
889 2377 1021 2432 aluminis
1041 2378 1079 2447 Β)
1098 2376 1130 2431 in

113 2448 397 2576 {lingetlifslicpontritpp
416 2447 912 2587 lzbllhlillfflpandltlffdffiae'l'l
925 2449 1129 2587 61111111(θῖ

226 2536 450 2585 orma,
507 2537 542 2572 ‚r
593 2547 661 2577 m.
726 2537 775 2572 11
826 2536 1128 2573 umrmssonsrmu

114 2594 144 2645 et
166 2590 242 2645 alur’n
259 2592 292 2658 r).
317 2605 371 2642 ana
390 2600 424 2648 ÷
443 2589 463 2643 Ι.
483 2588 605 2643 contriti
621 2588 704 2657 (-tis
723 2593 748 2659 r)
771 2590 801 2643 in
823 2590 925 2644 balneo
945 2589 1016 2658 (—is
1030 2593 1055 2660 r)
1079 2589 1129 2642 fn'-

115 2661 235 2716 candum
252 2659 349 2729 (fr-led)
372 2658 432 2712 erit.
454 2658 587 2732 (fecundp
611 2662 693 2713 erunt
715 2664 740 2730 r)
759 2663 804 2716 rb.
844 2663 919 2717 cidce
945 2662 1024 2716 modo
1047 2662 1130 2731 siquo

110 2731 380 2804 punctationem
403 2731 551 2798 specierum
578 2732 712 2786 vocabulo
739 2734 896 2801 compendio
925 2733 1029 2800 scripto
1051 2733 1129 2786 corte

115 2821 134 2860 a
151 2803 275 2859 librariis
292 2801 423 2870 exposita.
442 2801 573 2868 quomodo
587 2804 644 2869 ipse
662 2819 756 2857 revera
774 2810 870 2857 anema
885 2804 1033 2871 scripserit,
1051 2803 1129 2857 dicta

115 2873 235 2943 diffinio.
324 2875 340 2922 8
360 2867 512 2938 aliud—(9)
532 2872 575 2923 est
593 2872 720 2927 rBGel.:
743 2889 793 2926 cor.
815 2875 838 2924 b.
930 2871 1129 2927 contritorum:

115 2943 250 3000 contritus
259 2942 311 3014 γνΒ
320 2939 377 2996 cer.
433 2941 492 2993 9et
507 2942 531 3007 b,
547 2941 674 2996 etiamr:
689 2941 847 2996 cmBGel.
903 2943 1082 2996 ammoniaca
1091 2945 1127 2998 B.

118 3021 150 3070 10
168 3016 197 3070 et
214 3029 277 3067 cum
294 3012 322 3064 Β
333 3009 400 3078 cet,
420 3010 448 3061 et
465 3027 493 3062 r:
512 3012 542 3063 et
561 3028 625 3066 acro
644 3013 668 3067 b.
747 3015 779 3061 11
800 3009 920 3062 contrita
940 3015 998 3081 (m.)
1018 3015 1082 3068 add.
1103 3015 1127 3069 b.

116 3086 168 3141 sub
186 3084 245 3138 sole
262 3083 310 3137 rB
319 3081 388 3135 Get:
408 3078 445 3131 ad
464 3078 552 3133 solem
572 3085 595 3136 b.
652 3081 686 3134 de
696 3080 783 3148 (hac):
802 3081 842 3133 sic
861 3081 897 3133 rb
910 3080 1010 3138 GetB.
1062 3100 1128 3138 con—

115 3155 236 3212 fectione
253 3153 299 3208 rB
311 3152 381 3206 Get:
401 3148 601 3205 confricatione
621 3153 644 3205 b,
743 3153 775 3201 13
794 3149 823 3200 et
841 3147 986 3220 (quinque)
1004 3155 1071 3209 odd.
1090 3156 1127 3210 Β.

119 3232 152 3282 14
171 3222 306 3281 delavatis
325 3218 474 3302 (delebatis
488 3223 518 3299 r)
532 3223 580 3303 rit
591 3223 662 3301 Gil*
681 3216 783 3272 lavatis
804 3219 827 3270 b.
882 3217 996 3300 cimolie
1014 3223 1128 3292 nitran

116 3286 1126 3435 {caluitiitottttmitisir‘ttfftiitttata

117 3436 329 3494 commiscentur
337 3430 465 3501 (-untur
474 3430 498 3496 r)
508 3428 563 3483 rB:
584 3428 733 3482 commixta
752 3425 837 3479 odet.
925 3429 953 3478 et
972 3430 1128 3504 (similiter)

118 3509 174 3579 rB,
193 3509 222 3564 et
235 3505 321 3561 etiam
335 3503 406 3560 Get:
424 3517 473 3557 cor.
485 3501 508 3555 b.
546 3500 575 3551 et
589 3515 609 3551 s,
619 3496 708 3566 priori
720 3494 927 3548 medicamenta
941 3501 1092 3558 medentur
1101 3524 1126 3562 r.
