2392 3922
407 178 457 228 na
477 177 635 236 ememor
652 178 839 230 uumerus.
1060 175 1127 239 413

113 333 235 404 medium
253 335 307 391 θεὴ.
331 333 357 389 si
380 336 462 389 cocta
484 333 516 387 in
537 333 604 389 vino
627 334 734 389 austeri
759 333 846 389 fuerit
867 333 899 387 in
915 333 1032 404 potione
1051 335 1128 403 data,

116 413 218 468 luxum
235 411 345 468 ventris
364 412 499 468 continet.

78 498 101 547 70
179 492 291 548 Isatis
319 510 377 561 qua
404 493 540 548 tinctores
563 495 693 560 utuntur,
721 493 857 548 virtutem
883 493 1003 548 nimium
1026 493 1131 547 siccam

115 573 207 629 habet.
232 575 263 628 θὴ
284 571 405 627 vulnera
428 571 588 626 consolidat
606 575 635 627 θὴ
653 571 759 627 fluxum
782 573 929 650 sanguinis
953 573 1130 643 constringit.

78 656 100 707 ll
181 652 357 708 Hordeum
374 652 511 707 virtutem
528 651 617 706 habet
636 652 740 706 siccam
763 655 792 707 et
813 652 957 722 frigidam.
980 651 1044 722 plus
1063 669 1130 707 vero
1157 672 1164 711 ε

116 733 229 803 polenta
248 731 397 786 sicciorem
414 731 511 787 babet.

78 816 101 866 u
181 813 298 868 Herba
317 811 453 866 siniaca
471 811 607 866 virtutem
624 811 713 866 habet
731 811 874 881 frigidam.

78 896 102 945 u
182 891 252 947 Iris
274 891 412 947 virtutem
433 891 522 945 habet
545 890 669 945 calidam
690 890 872 946 mediocriter
895 894 924 946 et
944 893 1132 961 temperatam

116 989 147 1027 ex
165 971 275 1027 austeri
292 973 324 1026 θὴ
338 970 423 1026 dulci.
443 975 487 1027 θεὴ
504 973 601 1025 tamen
615 970 706 1026 siccae
720 971 844 1041 virtutis,
863 972 893 1024 et
911 974 992 1025 curat
1004 971 1130 1040 vulnera,

120 1054 146 1106 et
163 1049 397 1106 constrictionem
414 1050 537 1120 pectoris
556 1050 642 1105 solvit
660 1053 690 1104 ct
709 1053 797 1106 curat.
1146 1068 1164 1106 ιι

78 1134 102 1183 u
181 1129 321 1185 lbiscos
339 1129 372 1183 id
389 1132 433 1185 θεὴ
451 1129 575 1199 althaea,
594 1146 668 1198 quae
681 1132 726 1185 est
738 1129 834 1184 malva
848 1130 977 1200 agrestis,
996 1130 1131 1185 virtutem

116 1210 202 1265 habet
216 1209 405 1277 analecticam
418 1212 448 1264 θὴ
465 1208 669 1264 diaforoticam.
690 1209 811 1278 denique
830 1213 860 1265 et
878 1210 1029 1265 duritias
1047 1210 1131 1265 mol-

116 1288 168 1360 lit,
189 1289 220 1344 si
237 1289 348 1345 ctiam
365 1292 502 1344 tunsam
521 1306 594 1344 cum
612 1289 764 1359 axungia
781 1289 997 1359 imposueris.

78 1374 102 1422 15
182 1371 362 1440 Isopyrum
378 1368 411 1423 id
428 1371 472 1424 est
490 1369 624 1424 fasiolum
637 1385 734 1423 semen
750 1368 886 1424 virtutem
898 1370 987 1424 habet
1004 1370 1131 1436 mixtam,

117 1449 221 1504 etenim
243 1465 373 1504 amaram
391 1450 421 1503 et
443 1451 592 1503 austerem.
617 1447 739 1517 denique
762 1448 867 1519 spissos
889 1467 1001 1504 umores
1024 1450 1134 1520 spargIt
1148 1466 1164 1504 a

116 1528 158 1583 vel
175 1530 298 1599 resecat,
316 1528 484 1599 praecordia
502 1545 614 1597 quoquc
631 1531 748 1598 purgat,
772 1528 844 1584 facit
862 1532 891 1584 θὴ
910 1529 948 1584 ad
966 1529 1134 1600 sanguinem

78 1691 102 1741 ts
182 1686 302 1742 Herba
325 1686 360 1740 iu
378 1686 514 1742 virtutem
535 1688 624 1753 habet
646 1687 783 1757 frigidam
805 1689 835 1742 et
857 1691 1006 1744 umectam.
1031 1689 1133 1744 deinde

115 1767 184 1822 folia
203 1765 297 1837 ipsius
317 1769 436 1821 contusa
459 1769 583 1823 tumores
606 1767 656 1835 qui
679 1784 714 1822 ex
731 1767 840 1821 fervore
863 1771 1018 1823 nascuntur
1036 1785 1134 1822 conso-

116 1847 223 1917 lantur,
246 1846 280 1901 id
303 1850 347 1902 est
369 1850 421 1902 aut
443 1847 556 1917 singula
578 1846 713 1917 imposita
736 1855 787 1901 aut
805 1849 880 1901 certe
899 1847 1051 1900 commixta
1070 1865 1135 1901 cum
1149 1863 1164 1900 a

116 1928 240 1997 polenta.

184 2119 203 2166 3
227 2112 326 2167 Simon
352 2128 374 2167 s.
403 2112 519 2180 Hysatis
548 2110 652 2166 dicitur
683 2114 772 2167 rubea
798 2110 952 2166 tinctorum
981 2110 1134 2164 secundum

116 2183 202 2239 Theo.
221 2181 342 2238 Priscia.
362 2181 437 2237 libro
456 2182 491 2236 de
510 2182 633 2252 simplici
651 2183 800 2237 medicina.

184 2260 222 2307 14
241 2253 341 2309 Simon
362 2270 383 2308 s.
406 2253 583 2322 Hysoperide
613 2253 739 2307 fasilium
763 2270 857 2308 semen
884 2251 1019 2305 virtutem
1046 2250 1135 2304 habet

115 2325 236 2380 mixtam
261 2325 306 2377 cst
328 2323 406 2377 enim
429 2340 557 2377 amarum
575 2327 604 2378 et
624 2327 736 2378 austere
755 2327 808 2378 etc.
827 2323 912 2378 Theo.
931 2321 987 2377 Pri.
1006 2321 1080 2375 libro
1099 2322 1134 2374 de

116 2394 241 2467 simplici
261 2393 412 2449 medicina.

186 2595 203 2642 1
223 2586 375 2658 potionem
385 2587 419 2642 G.
475 2594 491 2642 3
504 2587 547 2642 Βθ
560 2587 663 2643 hisitis.
682 2587 783 2642 Hisitis
798 2587 879 2656 quati
892 2589 1019 2642 tontores
1031 2589 1092 2655 (sio)
1104 2586 1137 2642 G.

117 2657 308 2714 lconsoldat
328 2657 363 2712 G.
455 2658 531 2712 tDe
550 2658 695 2712 hordeum.
713 2659 842 2712 Hordeus
864 2659 897 2714 G.
989 2664 1004 2711 6
1023 2658 1139 2726 polenta

116 2731 160 2799 (τὰ
179 2729 320 2798 δ’ἄὴφιτθι
337 2729 474 2782 πολὺκαὶ
492 2737 549 2784 τῶν
562 2733 671 2798 κριθῶν
687 2731 911 2799 §coarctabimus
927 2729 990 2786 Gal.
1001 2731 1074 2795 XII,
1084 2731 1138 2796 45).

118 2801 195 2855 lDe
213 2799 308 2854 herba
327 2797 445 2853 siniaca.
464 2799 560 2854 Herba
579 2799 687 2854 siniaca
707 2802 770 2868 (sic)
792 2799 869 2870 G(?).
965 2808 981 2855 8
999 2800 1042 2853 De
1060 2798 1138 2853 hiris.

115 2906 202 2976 Hyris
224 2906 254 2961 G
272 2907 359 2974 (decet
378 2905 486 2975 Galat
510 2906 606 2973 Orela).
744 2911 776 2959 11
797 2905 838 2959 De
857 2884 961 2973 ibicoss
981 2907 1090 2971 (deiude
1108 2905 1139 2957 iu

116 2982 182 3047 roo.)
200 2975 331 3031 Ibisoose
349 2974 381 3029 id
400 2978 444 3029 θεὴ
462 2975 540 3031 altea
560 2976 597 3030 Ge
618 2971 738 3048 (ἒβίσκος
756 2973 773 3042 ἢ
793 2978 902 3030 diabulo
923 2976 1004 3042 Gal).
1062 2974 1138 3026 mala

117 3047 281 3118 agresteG.
338 3051 372 3100 12
388 3045 663 3114 diafordrioamaiic)
681 3047 714 3101 G.
770 3052 804 3100 13
818 3048 903 3100 tunsa
915 3045 948 3099 G.
998 3043 1139 3110 acxungia

117 3119 174 3188 inp.
197 3119 225 3174 G
245 3118 294 3186 (cf.
315 3116 362 3172 Pa
382 3118 468 3187 Apul.
484 3121 541 3186 39).
640 3123 674 3171 14
692 3118 734 3171 De
753 3117 840 3186 isopo.
859 3117 941 3185 Isopo
959 3112 1139 3166 ncuasilinon

118 3206 215 3244 semen
235 3188 272 3244 G.
346 3186 453 3242 virtute
471 3187 553 3241 hab&
574 3187 607 3243 G.
681 3193 714 3241 15
734 3190 876 3241 austeram
892 3187 918 3241 G
936 3186 1057 3254 (austere
1072 3183 1137 3237 Sim.

118 3263 152 3328 ef.
170 3276 263 3330 aspra
280 3261 326 3313 37.
347 3263 391 3314 61.
412 3258 457 3314 69.
477 3261 531 3327 73).
615 3258 752 3330 [e]spissis
771 3258 901 3311 humores
920 3253 1071 3378 [eppargit
1091 3254 1137 3307 Ge.

120 3338 152 3384 16
165 3328 350 3400 pracordiam
370 3329 404 3384 G.
474 3329 673 3383 171actantaes
695 3331 728 3385 G.
789 3332 822 3382 18
840 3327 882 3380 De
901 3326 951 3379 her
971 3341 1025 3378 am.
1044 3324 1139 3377 Herba

119 3401 225 3456 urente
245 3407 294 3456 ato.
316 3400 344 3455 G
359 3401 406 3468 (cf.
426 3400 459 3454 Iu
477 3399 495 3454 i.
515 3399 592 3453 viola
613 3401 709 3467 Orio).
861 3403 894 3450 19
913 3394 1093 3450 consolantur
1113 3394 1140 3449 G

119 3473 292 3599 ἱιαρηγὸρεῐ
306 3471 390 3541 Gal).
464 3477 499 3525 20
518 3469 643 3540 inposita
664 3471 697 3525 G.
766 3467 909 3522 conmixta
929 3467 963 3522 G.
1035 3470 1068 3519 21
1088 3483 1140 3535 pu·

130 3546 198 3597 enta
246 3583 253 3597 .
