2392 3922
351 177 512 228 ueruouu
530 178 680 232 rursus.
962 179 1028 241 479

10 333 119 402 branas,
141 335 338 402 sparguntque
355 349 407 403 per
425 333 565 388 intextum
589 353 658 406 opus
677 336 811 405 dilatum,
834 337 1027 406 liquoremque

10 412 129 467 multum
147 429 208 467 non
225 412 396 482 apparentia
409 413 540 468 exibiunt
557 414 697 469 foramina
711 416 829 470 trahunt
843 416 873 470 in
886 415 1027 472 vissioam.

10 497 36 547 et
51 493 120 548 ideo
144 493 300 563 unicuique
323 496 451 548 nostrum
474 511 538 548 cum
559 495 728 565 perfrixerit,
748 496 923 565 frequentior
946 495 1028 550 urina

10 572 177 642 exprimitur
195 572 369 629 consertatio
387 573 440 628 illa
457 574 692 644 membranorum,
716 576 819 644 quibus
837 580 965 646 potestas
985 579 1028 630 est

10 651 158 707 relaxandi
180 655 211 706 et
233 652 428 709 contrahendi.
455 653 554 722 itaque
577 655 626 723 qui
649 655 753 725 frigore
777 656 874 724 aliquo
901 656 1028 726 percussi
1055 671 1067 710 5

10 735 80 801 sunt,
96 732 233 787 continuo
249 733 428 802 stringuntur
440 732 520 802 inse,
539 737 749 804 angustatoque
763 736 887 805 corporis
903 736 1028 806 spatium

10 829 119 867 omnem
144 812 285 881 liquorem
313 812 475 870 infundunt.
504 813 555 868 sed
581 814 688 868 malum
712 814 824 885 siguum
853 818 897 870 est
925 816 1028 886 exigua

10 892 128 946 meando
152 891 253 948 libido.
277 908 345 962 ergo
369 896 455 963 caput
477 892 580 948 vissioe
604 895 769 948 descensum
793 895 837 948 sui
861 895 1027 950 comminuit

10 970 37 1024 in
55 971 150 1042 ipsam
167 972 294 1026 radicem
308 972 412 1028 veretri
429 976 544 1043 pareter
562 990 626 1027 oum
644 974 869 1028 cremasteribus.
887 974 941 1028 hoo
961 978 1027 1028 sunt

10 1052 86 1106 nervi
104 1052 156 1121 qui
174 1052 324 1108 testiculos
342 1056 468 1123 portant,
1040 1069 1066 1106 1o

75 1133 129 1186 Est
148 1135 178 1186 et
197 1132 256 1187 alia
273 1132 379 1188 vissiea
396 1133 482 1203 plena
501 1133 577 1202 felle,
596 1134 646 1202 qui
664 1134 694 1187 in
713 1137 796 1204 epate
821 1133 943 1202 ponitur.
971 1149 1024 1200 que

10 1210 239 1266 febricitantibus
258 1211 370 1266 urinam
387 1211 490 1266 ruffam
507 1212 631 1283 tingunt.

338 1318 462 1374 XXVIII.
481 1318 528 1373 De
545 1323 691 1375 veretro.

75 1399 227 1454 Veretrum
244 1401 290 1455 est
308 1398 477 1468 oblongum,
495 1402 599 1453 natura
617 1417 780 1467 nervosum,
803 1398 958 1452 forinsecus
977 1414 1023 1452 ve-

12 1495 114 1548 uosum,
123 1480 290 1534 membrano
305 1481 469 1548 coopertum
483 1478 646 1549 fortissimo,
660 1481 769 1534 habens
783 1479 907 1533 fistulam
916 1480 1024 1532 rectam
1039 1489 1064 1529 15

11 1557 39 1611 in
54 1558 148 1613 medio
173 1559 210 1614 ab
234 1557 319 1613 initio
342 1574 431 1627 usque
457 1558 494 1612 ad
517 1576 664 1613 summum.
688 1575 822 1612 cacumen
841 1557 902 1612 eius
922 1557 1025 1610 dieitur

13 1638 103 1693 saulus
124 1638 185 1695 sive
204 1639 312 1693 dartus.

310 1743 448 1800 XXVIIII.
467 1745 514 1800 De
532 1744 720 1800 testiculis.

75 1824 214 1880 Teuticuli
233 1825 378 1880 conirmcti
397 1827 463 1879 sunt
481 1841 536 1879 unu
560 1829 589 1881 et
611 1828 735 1894 veretro,
760 1825 898 1879 habentes
917 1823 948 1876 in
965 1839 1022 1876 me-

12 1904 83 1959 dium
100 1922 229 1974 nervum,
247 1904 298 1973 qui
317 1921 365 1959 eos
384 1908 505 1974 separat.
526 1906 644 1961 abscisis
664 1905 761 1974 itaque
779 1902 919 1959 testiculis
938 1919 1021 1972 gene·
1037 1911 1063 1952 ao

11 1986 86 2039 randi
106 1985 200 2040 virtus
225 1985 394 2054 denegatur,
418 1984 487 2054 quia
509 1986 649 2040 foramina
673 1988 842 2056 (ne)rvorum
865 1983 1022 2053 alligantur

11 2066 79 2132 quod
98 2066 138 2118 ad
157 2063 376 2134 dispositionem
393 2064 599 2120 interaniorum
617 2066 728 2119 finitum
747 2068 816 2120 erat.

72 2252 171 2305 Anum
189 2251 268 2320 apud
285 2267 383 2320 grecos
394 2171 676 2307 {ffrIiisDnZGiliitus
690 2252 871 2305 vocaverunt.
891 2252 934 2303 est
949 2248 1023 2303 enim

10 2328 95 2399 ipsum
115 2330 286 2384 intestinum
303 2330 461 2399 palmorum
480 2332 574 2402 trium,
595 2334 623 2386 et
642 2331 678 2385 ab
698 2331 760 2400 ipso
780 2346 875 2384 omnes
894 2327 1062 2384 intestinius
1146 2329 1149 2333 '

10 2409 169 2484 incipiunt.)

73 2550 169 2616 lqup
190 2544 224 2600 G.
316 2544 490 2613 loquorcmq3
510 2544 542 2598 P.
616 2544 801 2613 faparentia
820 2543 853 2599 P.
945 2541 1021 2596 exhi-

10 2616 89 2670 teunt
106 2616 141 2670 G.
198 2615 299 2670 neunt
314 2615 348 2670 G.
420 2615 451 2668 in
468 2614 579 2670 vessica
599 2615 632 2670 G.
705 2617 863 2668 3nostrum
879 2614 912 2683 G,
926 2621 974 2667 nm
989 2613 1020 2667 P.

10 2685 181 2755 requentius
203 2686 236 2742 G.
310 2686 519 2741 4consertatio
533 2687 578 2741 hic
598 2686 636 2741 G:
656 2685 833 2740 conservatio
853 2685 886 2740 P.
945 2683 1020 2737 ein·

10 2776 69 2812 roan
212 2759 301 2825 toque
320 2761 394 2826 (occu
413 2759 487 2827 albo)
505 2757 538 2812 G.
631 2755 758 2826 spacium
777 2758 809 2812 P.
884 2755 1021 2822 sexiguu

10 2830 92 2884 tando
144 2872 150 2882 .
225 2833 315 2898 8ego
336 2828 369 2883 G.
442 2828 545 2902 vissice
568 2828 601 2882 G.
675 2827 830 2881 discessum
850 2826 883 2880 G.
941 2831 1020 2892 tpa-

10 2907 44 2972 et
61 2916 194 2987 (pariter)
214 2916 253 2973 P:
271 2919 387 2986 paretur
407 2916 440 2971 G.
515 2921 548 2970 11
567 2918 611 2971 hic
625 2916 653 2968 P
667 2917 747 2971 habet
764 2917 845 2970 iuscr.
864 2910 1020 2964 XXXVIIII

10 2992 63 3059 uc)
83 2988 128 3042 De
148 2990 333 3042 cremasteres
354 2991 434 3058 (qaae
453 2989 492 3042 od
506 2989 605 3056 priora
619 2988 757 3056 pertinet),
776 2984 843 3038 Alia
861 2981 964 3036 vissica
986 2981 1018 3034 G.

10 3067 32 3114 ’.1
52 3075 129 3129 quae
151 3060 185 3114 G.
243 3065 277 3113 12
295 3057 397 3113 ruffam
416 3058 454 3113 P:
473 3057 572 3127 fugam
593 3058 625 3112 G.
691 3062 724 3110 13
742 3055 819 3109 XXX
837 3054 866 3107 P
882 3056 1020 3121 (uumerus

10 3140 91 3188 extus
109 3148 145 3186 ec
163 3131 257 3186 adice
274 3148 353 3200 capp.
369 3130 485 3196 correct,
503 3131 537 3196 cf.
557 3146 591 3183 su
626 3147 644 3184 a
662 3129 700 3183 od
718 3144 739 3181 c.
753 3131 792 3181 27
809 3145 833 3180 o.
849 3129 904 3192 11).
977 3122 1019 3175 De

10 3206 145 3258 reretrum
165 3201 200 3256 G.
275 3206 310 3254 14
329 3200 453 3270 oblonga
474 3199 507 3254 G.
593 3198 764 3254 ortissimum
780 3197 813 3252 G.
885 3193 974 3247 habet
985 3194 1018 3247 G.

10 3281 33 3328 ,7
53 3274 156 3327 dantus
177 3272 217 3328 G:
238 3272 324 3326 durus
343 3272 376 3328 P.
459 3274 492 3324 18
511 3269 601 3324 XXXI
620 3271 652 3325 P.
732 3273 765 3321 19
785 3284 838 3321 ano
855 3266 859 3337 Ι
876 3264 963 3334 (111)(1.
984 3280 1019 3317 ue

10 3348 29 3399 st
45 3346 162 3399 veretro
180 3343 216 3413 P,
236 3358 291 3397 ano
310 3342 369 3398 sive
387 3344 498 3397 veretro
510 3341 543 3396 G.
610 3347 645 3396 20
662 3338 790 3422 nervium
809 3339 841 3390 P.
913 3350 968 3400 que
986 3334 1018 3388 G.

10 3496 14 3520 .
52 3416 192 3540 su
207 3412 682 3539 {meruissem
780 3406 1019 3549 ..sessus

10 3493 119 3612 I‹Quciiltlur
135 3530 170 3612 G
246 3561 280 3610 25
296 3555 393 3625 palma
409 3529 442 3610 G
516 3557 607 3607 treum
617 3527 689 3608 P.'
737 3556 782 3604 om
792 3551 829 3607 P:
848 3543 974 3602 omnium
986 3546 1019 3603 G.
