2392 3922
10 3690 14 3763 l

473 159 662 212 emerem.
1008 159 1077 224 465

57 319 164 370 natura
183 315 294 370 tribuit.
315 316 364 370 sed
383 318 413 370 et
427 317 539 383 quando
559 318 729 386 tempestate
743 316 911 371 beneficium
930 318 1030 372 densas
1046 321 1076 372 et

57 387 194 456 scopulus
214 385 308 441 cclesa
327 403 427 455 spuma
445 386 516 441 facit
535 387 638 442 albam.
659 391 688 442 et
706 404 790 457 quem
808 388 961 442 admodum
979 388 1077 442 vinum

58 458 174 528 nigrum
197 457 228 510 in
247 456 335 511 calice
360 457 502 527 agitatum
524 475 654 527 spumam
677 458 773 513 albam
796 458 865 513 fecit
887 475 1000 513 necesse
1024 463 1075 513 est.

60 528 242 598 Concipimus
262 530 359 582 autem
376 527 445 582 viris
465 528 570 583 semine
590 532 619 584 et
637 529 763 584 mulieris
783 530 929 599 sanguine.
952 531 1077 584 sednon

57 599 159 653 statim
177 599 317 653 formatur
335 597 428 653 infans
447 599 479 652 in
496 603 576 654 utero
596 603 723 654 materno
748 602 798 654 sed
817 601 992 670 temporibus
1012 618 1076 655 con-

57 671 196 725 firmatur.
224 669 300 723 Nam
327 669 578 739 quotienscumque
607 675 719 725 coetum
746 689 809 725 cum
834 670 1000 725 mulieribus
1028 671 1077 726 fiet

58 742 251 810 conceperunt
264 757 333 810 grex
346 740 500 795 infantium
515 744 698 810 sequerentur
712 742 786 796 sieut
800 741 944 797 animalia.
964 743 1078 797 Certum

56 815 155 867 autem
172 815 301 881 tempore
316 811 479 881 concipiunt
493 812 625 866 mulieres
640 816 691 867 aut
706 813 890 882 incipientem
909 813 1077 882 sanguinem

57 886 107 937 aut
134 882 322 937 deficientem.
352 882 408 936 Sed
432 882 549 950 quidam
572 901 636 937 cum
658 883 805 938 mulierem
828 886 1003 937 menstruam
1025 885 1076 937 ha-

58 955 176 1008 bentem
195 955 307 1007 coetum
325 951 435 1006 faciunt
453 970 510 1007 non
525 955 655 1023 concepit
668 955 800 1009 meritum
818 954 885 1022 quia
904 971 968 1007 cum
986 955 1078 1008 maior

58 1024 162 1078 fuisset
185 1041 252 1094 pars
277 1023 424 1092 sanguinis
448 1023 574 1078 mulieris
600 1025 751 1080 menstruis
775 1028 804 1079 et
829 1024 945 1078 minoris
970 1024 1075 1078 semine

60 1095 170 1150 elutum
189 1097 234 1149 est
251 1093 297 1147 illi
316 1096 367 1147 aut
384 1093 476 1163 magis
495 1095 586 1149 maior
603 1113 670 1164 pars
689 1095 843 1167 sanguinis.

128 1186 185 1254 (19)
205 1183 391 1252 Temporibus
411 1186 507 1238 autem
520 1183 663 1238 infantum
676 1185 806 1254 componi
821 1186 906 1252 atque
926 1183 1073 1238 conlocare

57 1254 243 1320 manifestum
267 1256 311 1308 est
332 1254 512 1323 tempestatis
536 1255 667 1323 quotiens
696 1256 816 1325 septimo
839 1271 935 1309 mense
955 1254 1074 1323 septimo

58 1343 133 1380 anno
153 1325 266 1380 infante
282 1325 381 1379 dentes
396 1326 504 1380 cadere.
524 1325 577 1382 bis.
597 1327 717 1396 septimo
733 1342 884 1397 popescere
904 1328 933 1380 et
951 1324 1076 1379 noclien-

57 1397 135 1451 tibus
155 1395 292 1451 mamillis
316 1412 411 1450 semen
434 1413 576 1466 generare.
601 1401 646 1451 ter
670 1397 876 1467 septimo.'hoc
895 1399 939 1451 est
957 1396 1022 1450 XXI
1040 1404 1078 1452 ari

58 1468 151 1522 barba
173 1469 326 1522 maturare.
352 1466 473 1536 septimo
498 1467 544 1521 dic
572 1485 653 1537 egros
681 1468 852 1538 periclitare.
882 1466 957 1533 Quid
979 1467 1076 1523 multis

59 1539 181 1609 septimo
197 1540 240 1592 est
254 1537 313 1591 illis
329 1537 424 1592 omnia
437 1537 607 1594 ministrare.
625 1539 666 1593 sic
680 1539 775 1594 infans
789 1539 820 1592 in
833 1542 914 1594 utero
928 1541 1077 1610 materiae)

57 1609 172 1664 firmare
191 1611 278 1677 atque
297 1608 435 1678 componi.
462 1626 558 1662 cursus
578 1609 645 1663 solis
665 1613 716 1664 aut
734 1611 819 1665 lunae
838 1609 916 1664 viam
934 1626 998 1663 cum
1016 1627 1078 1664 eru-

57 1679 144 1738 {itur
162 1697 285 1734 manere.
305 1679 488 1733 manifestum
503 1683 546 1734 est
561 1683 656 1735 autem
674 1697 814 1736 numerus.
834 1680 937 1749 qhaec
951 1680 1000 1733 fiet
1015 1698 1077 1750 scp-

58 1742 113 1806 'ties
132 1750 327 1820 multiplicare
346 1753 375 1804 ct
393 1749 437 1804 ita
454 1752 552 1819 partus
572 1767 744 1807 consumare.
766 1753 823 1806 Sed
842 1754 871 1806 ct
888 1751 1008 1819 figuram
1026 1751 1077 1805 ho-

57 1821 142 1877 minis
167 1820 286 1891 accepit.
316 1820 410 1875 Primo
436 1824 532 1875 autem
550 1821 605 1876 XL.
631 1823 739 1877 diebus.
763 1821 918 1891 aliquando
943 1823 972 1874 et
990 1821 1074 1877 XXX.

58 1893 134 1948 intra
154 1895 237 1947 utero
258 1894 387 1946 materno
405 1892 526 1961 figuram
543 1892 665 1946 hominis
685 1893 820 1963 acciperit
839 1891 958 1962 septimo
977 1908 1073 1946 mense

58 1963 195 2018 nascitur.
214 1963 269 2017 hoe
289 1962 393 2032 septies
413 1962 561 2032 duplicans
580 1965 652 2018 fiunt
671 1964 730 2018 dies
750 1964 864 2018 CCXVI.
891 1962 941 2029 qui
964 1961 1075 2016 faciunt
1181 2000 1183 2004 »

58 2051 169 2090 menses
188 2034 249 2088 VII.
273 2037 303 2088 et
327 2033 387 2088 dies
406 2033 451 2087 VI.
482 2033 559 2098 Quae
587 2039 637 2088 aut
665 2035 710 2088 die
734 2035 781 2087 XL
806 2034 926 2103 figuram
948 2032 1075 2086 hominis

57 2104 197 2176 acciperit
215 2105 295 2158 VHH
312 2121 408 2159 mense
425 2105 553 2158 nascitur
570 2105 695 2160 intrante
709 2106 734 2158 X
752 2105 884 2158 nascitur.
904 2103 958 2156 hoc
971 2103 1075 2157 nonies

57 2176 207 2248 duplicans
225 2176 298 2229 fiunt
312 2175 455 2230 CCLXXX
474 2175 534 2230 dies
553 2176 602 2244 qui
616 2177 726 2230 faciunt
739 2191 847 2230 menses
861 2173 940 2228 VHII
959 2177 987 2227 ct
1014 2174 1074 2228 dies

57 2248 89 2303 X.
110 2247 208 2314 Quare
227 2262 294 2316 ergo
313 2249 346 2299 ut
365 2246 486 2299 diximus
505 2246 558 2300 VII
575 2264 670 2302 mense
694 2247 744 2315 qui
767 2246 828 2300 nati
846 2244 952 2300 fuerint
969 2244 1075 2299 vitales

57 2322 147 2374 erunt.
170 2317 227 2383 Qui
246 2320 342 2372 antem
364 2334 422 2371 non
440 2316 628 2386 impleverunt
651 2335 798 2372 numerum
822 2333 904 2386 super
930 2315 1073 2384 scriptum.

56 2389 204 2460 legitimus
222 2391 321 2458 partus
339 2405 397 2442 non
416 2388 477 2442 erit.

125 2480 186 2547 (20)
204 2475 389 2531 Manifestum
404 2479 447 2529 est
460 2475 601 2531 infantem
615 2477 646 2529 in
659 2480 739 2531 utero
755 2477 795 2531 ric
809 2477 919 2530 firmare
934 2476 1074 2544 quomodo

55 2548 184 2604 intendit
205 2547 330 2616 primum
353 2550 444 2601 status
470 2547 592 2601 seminis.
620 2547 651 2600 in
676 2550 756 2602 utero
784 2551 912 2601 materno
940 2563 1075 2616 generare

55 2619 228 2674 umbilicum
250 2621 279 2672 et
301 2617 372 2672 facit
395 2618 623 2687 congregationis
649 2619 768 2688 signum.
795 2619 954 2672 Secundum
972 2617 1076 2671 mensis

55 2688 270 2761 expressionem
293 2688 417 2757 corporis
446 2687 495 2756 qui
516 2688 657 2742 exteriora
681 2689 814 2743 convenit
837 2689 990 2742 formatum
1018 2705 1075 2742 cor-

54 2779 106 2832 pns
119 2761 178 2815 1111
195 2775 294 2814 mense
313 2759 475 2812 annimatus
495 2760 597 2829 unguis
618 2760 742 2828 accipiat
761 2760 809 2814 sic.
834 2762 864 2813 et
887 2758 1006 2827 capillus
1027 2760 1077 2812 du-

54 2833 99 2888 cit.
118 2834 236 2886 motum
249 2829 320 2884 facit
333 2830 473 2884 infantem
482 2829 549 2883 ΗΠυ
558 2847 653 2885 mense
668 2830 809 2885 contertia
822 2833 915 2883 mater
927 2829 1077 2881 nausiatur

54 2907 82 2958 et
99 2903 246 2958 formatus
266 2903 310 2955 est
327 2900 429 2954 infans.
449 2898 549 2968 quinto
568 2918 663 2956 mense
679 2919 743 2955 ossa
763 2900 910 2954 confirmat
927 2899 1026 2952 nervia
1046 2902 1075 2952 et

54 2991 140 3028 renas
160 2989 215 3042 per
233 2988 290 3040 quo
310 2970 411 3025 salitur
429 2971 511 3025 fetus.
537 2975 615 3027 sexto
640 2989 736 3027 mense
754 2969 908 3024 medullam
926 2969 1075 3022 confirmat

54 3049 81 3100 et
99 3043 276 3114 capillorum
299 3042 417 3096 adducit
439 3040 534 3110 quotis
558 3044 695 3098 sumendi.
720 3042 807 3097 ctiam
830 3039 997 3093 mulieribus
1017 3056 1075 3093 cre-

53 3116 164 3170 briores
184 3112 394 3167 finntnausiae
413 3113 538 3166 V11⁰sns
561 3130 711 3167 nervorum
733 3112 804 3166 facit
826 3109 1023 3165 fortitudinem
1048 3113 1077 3163 ct

54 3187 226 3242 elimentum
240 3183 352 3253 accepit
365 3183 396 3236 in
405 3200 461 3251 quc
471 3184 586 3253 regitur.
602 3185 681 3238 ῑΤΠΙο
691 3194 733 3237 ἰηέ
750 3185 892 3236 maturum
905 3184 1000 3234 movet
1015 3198 1075 3235 cor-

53 3275 104 3327 pus
127 3261 162 3312 et
186 3254 300 3324 accepit
319 3253 465 3308 anelitum.
482 3255 574 3308 ἮΠΙυ
592 3261 637 3310 ιιΤε
654 3255 780 3326 perfecta
798 3252 893 3306 omnia
912 3255 996 3321 (onTa')
1017 3270 1076 3305 ma·

54 3329 207 3384 toritatem
227 3324 336 3381 evolvit
354 3324 495 3378 infantem
515 3326 549 3379 de
568 3326 693 3380 tenebris
713 3325 838 3379 adducit.

122 3401 183 3470 (al)
206 3397 285 3451 Nam
308 3395 348 3449 eie
372 3394 488 3449 vulvam
511 3395 642 3451 iactatur.
667 3397 726 3450 sive
750 3396 781 3448 in
803 3395 878 3448 latus
903 3396 953 3447 aut
977 3393 1076 3462 supine

55 3473 103 3524 ant
121 3485 239 3524 summa
261 3483 328 3537 pars
353 3465 456 3535 capitis
479 3467 573 3521 medio
597 3471 724 3521 ventrem
747 3464 952 3534 conlocat⁹(ur).
981 3480 1075 3533 genua

55 3543 150 3596 autem
174 3541 277 3595 nostra
301 3535 390 3592 oculis
415 3537 563 3606 supposita
587 3541 659 3592 sunt.
684 3541 713 3592 et
736 3536 806 3607 quia
828 3537 897 3591 sunt
913 3534 1087 3590 eminentia.

102 3638 242 3683 Mem
253 3636 393 3684 Priscianus,
410 3636 445 3677 ed.
455 3637 537 3680 Rosa.
898 3631 938 3680 ‘th
