2392 3922
86 128 152 195 152
410 128 600 182 rnuoooru
616 129 795 183 narseum
833 192 836 197 ,

86 296 221 374 asperius
245 293 402 374 afferatur,
425 312 460 354 ea
483 312 557 373 quae
582 300 651 355 sunt
673 295 757 374 prius
780 293 913 355 adhibita
935 295 1102 356 identidem

86 389 267 462 repetantur.
309 384 336 442 si
359 400 429 442 vero
448 383 515 461 plus
534 383 647 444 luerint
668 382 787 445 alienati
805 390 836 444 et
853 391 1013 463 augmenta
1033 403 1104 445 cau>

86 489 135 531 sae
160 472 375 552 concreveriut,
398 473 504 532 incisio
528 489 670 533 venarum
693 474 725 532 in
748 474 842 551 capite
866 479 897 533 et
918 474 1000 533 ustio
1024 472 1103 533 cele-

84 557 197 619 branda
220 565 275 620 est.
299 559 395 620 danda
417 562 488 640 iera,
512 559 642 620 dandum
660 559 825 621 elleborum
847 567 878 622 et
900 567 1002 622 cetera
1026 579 1104 640 quae

58 647 344 727 tepilempticorum
367 651 448 708 curis
472 647 606 709 ordinata
630 656 707 710 sunt.

174 737 251 797 hanc
278 755 381 798 curam
408 740 498 798 etiam
528 737 719 798 entheasticis
747 736 887 798 adhibere
915 737 1103 799 debebimus.

357 896 455 957 XVIII.
478 896 524 957 De
546 896 829 958 melancholicis

31 997 72 1062 51
174 1001 345 1064 decidentia
368 1003 649 1064 melancholicorum
671 1003 744 1064 haec
767 1003 924 1065 manifesta
947 1011 1026 1065 sunt.
1069 1007 1102 1065 in

85 1092 234 1171 principio
262 1109 368 1152 causae
396 1091 500 1152 salutis
532 1110 603 1151 suae
631 1091 839 1170 desperatione
866 1095 964 1171 primo
993 1111 1102 1173 propo-

46 1192 73 1232 ιο
86 1188 192 1264 nentes
215 1181 320 1241 mortis
339 1179 521 1241 desiderium
540 1181 712 1259 frequenter
733 1187 880 1259 oogrmtur
897 1183 930 1240 in
952 1180 1101 1262 lacrimas,

87 1276 117 1329 et
136 1268 253 1330 deserta
274 1268 339 1329 loca
357 1271 456 1347 potius
476 1275 649 1347 appetentes
667 1268 822 1329 homiuum
840 1271 990 1349 incipiunt
1008 1272 1100 1331 vitare

86 1359 242 1418 consortia.
284 1356 440 1435 abquando
460 1376 565 1418 rursus
584 1376 669 1418 suam
688 1359 866 1418 senteutiam
889 1358 1101 1419 redamnantes

85 1447 162 1506 vitae
186 1445 290 1505 solatio
310 1445 502 1506 delectantur.
542 1448 621 1506 circa
639 1446 812 1529 praecordia
830 1464 901 1507 vero
921 1446 959 1508 de
982 1448 1102 1508 assidua

85 1533 238 1606 inflatione
257 1540 432 1615 queruntur,
455 1541 571 1595 etcum
594 1534 703 1595 sudore
726 1537 817 1596 totius
841 1538 976 1614 corporis
1001 1538 1102 1614 inpor-

45 1632 72 1674 15
85 1629 158 1683 tuno
185 1622 309 1701 frigidos
337 1621 477 1683 articulos
510 1624 684 1702 saepissime
715 1626 878 1702 patiuntur.
928 1626 1042 1702 privari
1069 1642 1103 1685 se

87 1710 124 1772 ob
147 1711 204 1771 hoc
227 1713 317 1772 etiam
339 1711 453 1772 viribus
476 1710 660 1771 naturalibus
684 1718 862 1773 asseverant.
901 1712 1103 1791 indigestione

86 1800 259 1878 frequenter
286 1799 431 1861 stomachi
458 1800 631 1880 fatigantur,
658 1807 760 1861 motus
788 1818 858 1861 suos
881 1803 979 1862 varios
1003 1808 1033 1862 et
1056 1803 1103 1860 iu-

87 1906 192 1949 suaves
214 1888 455 1968 perhorrescunt.
502 1888 582 1949 color
606 1906 709 1948 eorum
737 1891 851 1967 ntngor
874 1889 939 1970 liet,
967 1896 998 1950 et
1024 1891 1101 1950 inte-

86 1979 201 2038 riorum
223 1979 371 2037 viscerum
394 1977 579 2056 frequentius
603 1976 756 2037 doloribus
780 1983 1000 2055 attemptantur.

31 2057 75 2123 52
176 2066 255 2127 unde
283 2084 402 2125 omnem
429 2084 531 2126 cruam
563 2084 650 2144 quam
679 2067 805 2126 maxime
838 2066 989 2126 stomacho
1022 2065 1103 2127 dele·

47 2153 176 2236 21gabo,
206 2155 345 2214 lomentis
368 2153 414 2214 vel
438 2153 695 2233 cataplasmatibus
719 2153 885 2214 chalastiois
909 2153 1102 2214 imminendo.

86 2243 200 2302 ventris
232 2243 364 2303 cilicium
390 2245 474 2322 prius
502 2243 646 2303 inoffense
680 2241 860 2323 procurabo,
892 2261 952 2321 quo
985 2243 1103 2304 facilius

86 2332 177 2391 etiam
200 2331 369 2393 cathartiois
393 2330 603 2410 depurgenmr.
648 2329 794 2410 palaestra
817 2330 863 2391 vel
886 2331 1104 2409 gestationibus

87 2418 212 2479 solidius
240 2425 443 2480 exerceantur.
494 2421 556 2479 vini
583 2420 692 2481 veteris
721 2426 751 2480 et
784 2418 860 2480 bene
889 2419 997 2480 olentis
1026 2423 1106 2480 acci·

159 2575 233 2625 lea
256 2589 311 2644 qua
329 2589 357 2626 rt
383 2572 413 2626 et
434 2586 507 2639 quae
525 2571 561 2625 B.
670 2571 735 2626 asi
756 2587 822 2627 vero
840 2573 889 2628 rb:
914 2571 959 2627 sin
980 2588 1047 2626 vero
1065 2573 1103 2626 B.

87 2639 207 2695 alienati
225 2643 322 2698 bGal:
346 2659 395 2698 om.
414 2642 458 2697 rB
477 2642 536 2709 (ubi
557 2641 622 2710 plus
640 2641 745 2697 fuerint
767 2644 797 2697 et
814 2645 858 2713 a).
953 2649 971 2696 4
992 2641 1054 2697 iera
1076 2643 1104 2697 B

87 2714 166 2780 (pera
183 2714 223 2782 b):
242 2729 311 2783 gera
329 2731 352 2768 r.
407 2718 423 2765 6
438 2711 468 2766 in
482 2711 621 2767 iutheaois
635 2714 671 2783 Β,
691 2714 794 2769 enthea
810 2713 912 2769 enticis
927 2715 943 2769 b
957 2713 1105 2782 (enthean-

86 2782 152 2837 ticis
172 2783 252 2853 aaz),
269 2782 433 2838 intheeticis
451 2801 474 2838 r.
548 2783 712 2839 debebimus
726 2804 754 2842 rs
774 2784 907 2840 debemus
921 2785 949 2839 B
963 2787 1024 2854 (nos
1039 2801 1105 2839 oon-

87 2853 167 2908 venit
185 2854 294 2924 teat).
398 2859 413 2907 7
432 2857 474 2909 ttt.
493 2855 535 2909 De
554 2855 746 2911 melancolioie
765 2855 857 2910 eidem
874 2854 1017 2925 prisciani.
1027 2855 1061 2910 V.
1080 2873 1104 2924 r,

88 2925 130 2979 De
147 2923 358 2980 melancholicis
376 2924 475 2980 XVIII.
490 2927 526 2981 B.
619 2931 634 2981 9
654 2942 756 2981 causae
774 2928 822 2982 rb:
841 2926 925 2981 huius
944 2942 1047 2981 causae
1065 2926 1104 2981 B.

92 3001 123 3049 to
141 2995 172 3051 in
190 2995 320 3050 lacmmas
339 2996 380 3051 B:
400 2997 429 3049 et
446 2995 578 3051 lacrimas
596 2996 816 3067 rdocrimantes
835 2998 870 3066 b).
986 3003 1019 3051 12
1039 3013 1105 3052 con-

89 3066 178 3122 sortis
196 3068 235 3123 B:
255 3066 419 3122 societatem
437 3069 481 3122 rb.
592 3073 625 3121 16
644 3067 731 3122 etiam
748 3069 836 3135 B(b):
861 3068 956 3121 autem
974 3067 1062 3122 etiam
1080 3085 1104 3123 r.

90 3143 124 3191 17
142 3138 303 3207 frequenter
319 3139 367 3194 rb:
387 3136 447 3191 -ti
465 3139 501 3193 Β,
616 3142 648 3192 18
667 3139 744 3193 color
761 3154 857 3191 eorum
875 3136 983 3207 nigrior
1000 3138 1050 3193 fiet
1067 3140 1106 3194 rb

89 3210 135 3276 (cf.
156 3209 227 3266 Gaul.
245 3210 417 3275 cbr.1‚182
440 3209 517 3263 color
539 3208 638 3263 viridis
661 3226 725 3264 oum
742 3208 878 3288 nigrorels
906 3210 984 3263 calor
1007 3225 1105 3263 eorum

88 3278 206 3335 interior
223 3280 273 3334 liet
290 3281 318 3335 B
332 3280 377 3348 (ef.
398 3279 469 3335 ant.
488 3282 524 3334 ab.
545 3279 683 3335 stomachi
701 3277 904 3334 mordicatione
922 3282 990 3349 etc).
1069 3285 1104 3333 19

88 3348 229 3404 viscemm
246 3353 287 3407 B:
306 3366 401 3405 eorum
423 3349 563 3404 riseemm
580 3350 757 3420 rtriscerum
780 3365 893 3404 suorum
912 3352 947 3420 b).
1024 3350 1105 3405 dolo-

88 3418 166 3473 ribus
192 3421 225 3476 fr.
254 3422 459 3490 attemptentur
481 3421 521 3490 B,
548 3421 723 3490 frequentius
751 3419 894 3475 doloribus
923 3423 1105 3491 epithima,

87 3487 263 3558 frequentius
283 3492 489 3562 attemptentur
506 3494 568 3561 (oen.
588 3491 741 3561 doloribus)
759 3493 783 3549 b.
