2392 3924
148 161 192 226 80
456 161 647 213 rnnononr
664 161 845 213 rmsomnr

145 328 201 387 hoc
224 344 400 406 percussum
427 325 526 385 locum
553 331 657 402 tanges
684 323 731 384 vel
758 332 845 384 nares
873 326 1104 406 cuiuscumque,
1133 335 1162 388 et

146 417 287 475 continuo
311 431 371 474 non
394 413 514 473 dolebit.

145 573 229 634 XXV.
266 573 312 633 lle
341 572 519 651 stirpibus
548 572 604 632 vel
631 571 775 631 ossibus
802 571 859 632 vel
888 571 974 632 telis
1002 575 1080 634 ictu
1108 575 1161 635 vel

145 662 215 722 alio
239 660 402 740 quolibet
429 679 513 722 casu
542 662 703 739 receptis
727 666 762 720 et
785 659 914 720 celatis
941 663 978 720 in
1001 679 1160 742 corpore.

93 764 135 829 75
234 767 392 846 Tithymali
410 769 532 827 maioris
551 765 655 827 molles
671 773 700 826 et
714 765 825 826 virides
840 785 876 827 ex
891 769 1046 828 cacumine
1064 787 1161 849 cymas

119 856 232 917 otolles
260 863 290 916 et
316 855 369 915 has
398 855 502 915 calidis
529 857 560 915 in
595 853 746 915 cineribus
779 853 909 915 subicies
943 863 973 914 et
1004 865 1161 936 postquam

146 945 316 1005 combustae
341 944 465 1025 fuerint,
492 945 634 1021 proiectis
658 942 821 1003 corticibus
844 943 983 1003 encardia
1007 944 1071 1005 sola
1095 964 1160 1007 con-

145 1033 252 1106 tundes
274 1040 427 1093 eteorum
449 1030 603 1111 pulverem
626 1029 714 1092 alfitis
734 1049 770 1090 ex
790 1049 884 1110 aequo
903 1033 1115 1095 commiseebis
1133 1042 1160 1095 ct

144 1125 214 1182 vino
238 1124 398 1182 commixto
421 1121 568 1199 patefacto
587 1120 702 1179 orificio
721 1119 838 1179 vulneri
860 1121 1007 1198 impones,
1046 1129 1077 1183 et
1096 1140 1160 1183 oon·

106 1224 133 1263 1⁰
145 1213 229 1271 tinuo
248 1211 341 1271 telum
360 1216 410 1270 aut
433 1209 511 1269 aliud
531 1209 610 1286 quod
635 1208 710 1268 forte
730 1207 782 1268 diu
804 1207 926 1268 latuerit
945 1208 1130 1271 excludetur.

233 1298 320 1358 aliud.
363 1297 568 1357 aristolochiae
592 1295 689 1376 pulvis
712 1296 858 1375 patefacto
881 1296 999 1357 nilneri
1024 1299 1157 1360 similiter

144 1387 341 1465 imponendus
365 1393 420 1465 est,
444 1392 473 1445 et
492 1384 622 1445 velocius
643 1385 752 1445 exiliet.
790 1387 834 1444 sic
853 1387 942 1446 etiam
961 1384 998 1446 de
1019 1386 1158 1449 dictamni

144 1474 224 1534 loliis
238 1474 285 1534 vel
302 1473 453 1534 radicibus
473 1477 605 1534 contusis
624 1472 755 1533 velocius
773 1473 839 1533 fieri
858 1477 1014 1535 consuevit
1034 1494 1157 1537 secun-

145 1562 225 1623 dum
252 1569 413 1622 veterum
440 1561 544 1622 dicta.
590 1563 761 1641 hyoscyami
788 1579 889 1623 semen
917 1572 1078 1626 contusum
1104 1583 1157 1625 una

106 1661 132 1701 1⁶
146 1669 213 1710 oum
239 1649 411 1710 chalcantho
434 1650 551 1710 vulneri
579 1653 747 1729 appositum
775 1649 914 1711 similiter
936 1659 1087 1730 operatur.
1131 1659 1158 1713 et

145 1738 272 1799 lacertae
297 1745 385 1817 caput
414 1746 571 1799 contusum
597 1745 627 1798 et
654 1740 828 1816 impositum
855 1739 1052 1801 seeundum
1075 1742 1158 1820 lysi·

145 1844 206 1887 cos
230 1827 286 1887 hoc
309 1828 389 1887 idem
412 1827 490 1887 facit.

234 1918 260 1975 si
283 1934 353 1976 vero
376 1918 409 1975 in
431 1915 566 1975 fauctbus
588 1933 621 1974 os
645 1921 696 1974 aut
718 1913 831 1993 ahquid
854 1916 1033 1998 inhaeserit,
1056 1936 1157 1997 aquam

217 2074 231 2121 1
253 2068 441 2136 cuiuscunque
455 2086 483 2122 r:
503 2067 529 2121 ei
543 2070 608 2136 (pro
627 2065 667 2121 ei⁹
681 2093 715 2112 =
731 2066 790 2120 eius
817 2069 841 2122 b.
894 2074 998 2137 'bnon
1013 2069 1122 2124 dolebit
1132 2088 1156 2124 r:

145 2138 256 2192 desinet
274 2139 354 2193 dolor
372 2141 443 2209 b(c).
508 2138 584 2192 3De
604 2137 739 2210 stirpibus
758 2155 792 2192 ve
823 2137 933 2193 ossibus
952 2139 1047 2194 infixis
1066 2143 1156 2197 sistit.

140 2212 255 2278 praebet
280 2212 366 2265 iodea
386 2210 458 2277 cet,
484 2209 525 2263 De
547 2209 682 2279 stirpibus
708 2208 818 2263 ossibus
841 2209 888 2264 vel
909 2208 977 2265 telis
995 2211 1028 2264 in
1050 2227 1098 2266 ore
1118 2211 1156 2265 in·

145 2279 308 2333 herentibus
328 2282 343 2335 b
362 2281 407 2348 (cf.
427 2280 462 2333 de
481 2280 574 2334 infixis
593 2279 703 2351 corpori
721 2281 779 2336 Sim
797 2282 860 2335 Ian.
879 2297 900 2336 s.
920 2280 1105 2353 incardium),
1119 2282 1156 2337 De

145 2350 275 2418 turpibus
303 2349 424 2420 receptis
444 2352 473 2404 et
495 2349 650 2405 latentibus
669 2351 773 2405 XXIIII
790 2351 833 2419 Β,
862 2353 1063 2421 amplissa'mrom
1085 2371 1157 2424 quon

145 2421 209 2474 dedi
226 2438 242 2474 r
260 2422 319 2489 (qai
336 2422 449 2475 rubrica
466 2423 597 2475 scribatur
614 2440 698 2489 acque
716 2424 754 2477 od
771 2440 795 2477 o.
815 2419 866 2475 icti
883 2424 940 2491 sic).
1014 2424 1156 2479 teimasr

156 2488 243 2542 cimas
262 2505 296 2542 ex
315 2490 459 2543 cacumine
473 2493 513 2546 sic
527 2493 552 2559 b)
571 2492 606 2558 ef.
621 2492 698 2548 Plio.
714 2499 763 2560 26,
777 2498 828 2548 62:
846 2492 972 2547 turinnes
986 2494 1023 2550 B.
1080 2493 1156 2550 etol-

160 2558 165 2570 '
196 2561 220 2613 b.
311 2559 364 2613 has
383 2563 433 2614 rb:
452 2561 503 2614 hos
522 2561 557 2615 B.
661 2565 762 2643 postea
780 2579 866 2631 quam
884 2563 1045 2621 emollitef.
1064 2567 1089 2622 b.

146 2636 160 2682 7
177 2629 316 2684 combusti
330 2630 365 2697 Β,
386 2632 449 2684 -te
468 2650 490 2685 r.
599 2634 750 2687 cort1cibus
769 2633 897 2688 incardia
916 2634 978 2688 sola
995 2638 1047 2691 rb:
1073 2636 1155 2691 sordi·

145 2699 241 2753 ciebus
260 2700 451 2755 incardiasola
468 2703 504 2756 B.
622 2705 773 2758 contundis
791 2706 872 2760 rbB:
981 2710 998 2759 8
1018 2709 1156 2762 eteorum

144 2770 289 2894 pulverem
308 2770 394 2825 alfitis
413 2789 447 2826 ex
483 2789 538 2841 quo
558 2774 687 2829 comissis
701 2794 724 2845 r,
745 2777 774 2829 et
791 2791 814 2830 e.
829 2775 941 2844 pulveri
955 2775 1067 2832 albiam
1085 2777 1156 2832 simi-

159 2840 210 2895 'ter
227 2841 358 2896 immittis
376 2843 455 2913 B(et
495 2843 517 2896 's
536 2845 616 2900 alfita
633 2862 668 2899 ex
687 2862 777 2914 aequo
795 2846 980 2915 obmiscent).
1056 2853 1072 2902 9
1087 2865 1155 2904 oom-

144 2912 288 2968 mixtaB.
379 2932 406 2984 p.
426 2930 473 2968 ore
491 2914 602 2969 vulneri
618 2917 712 2986 iponis
727 2920 751 2972 b.
853 2916 974 2972 10forte
992 2921 1045 2974 rb:
1063 2919 1156 2975 om.B

144 2982 259 3052 (latebit
277 2983 446 3038 discluditur
455 2988 490 3054 b).
592 2993 624 3040 11
645 2987 724 3041 aliud
742 2988 782 3041 B:
802 2989 852 3041 aut
869 3006 892 3056 r,
912 3005 963 3043 om.
982 2991 1007 3045 b.
1098 2989 1154 3060 pul-

143 3071 238 3109 verem
315 3055 516 3125 imponendum
535 3059 578 3111 est
595 3076 618 3113 r.
708 3058 853 3127 patefacto
872 3058 984 3113 vulneri
1001 3061 1063 3117 rB:
1081 3063 1154 3130 pate·

143 3125 220 3180 fecto
234 3143 281 3180 ore
295 3125 406 3180 vulneri
420 3129 443 3182 b.
516 3129 670 3198 (pulverem
686 3132 738 3198 ...)
753 3145 774 3183 s.
793 3137 887 3199 ipone.
906 3131 935 3183 et
954 3129 1084 3186 celeriter
1098 3148 1120 3186 e.
1134 3133 1154 3185 b.

145 3237 177 3285 12
198 3233 424 3288 debB:om.r.
498 3239 531 3286 13
550 3234 611 3288 fieri
629 3251 703 3291 cons.
723 3236 763 3289 B:
783 3237 867 3289 sanat
884 3237 908 3290 b.
983 3243 1017 3291 14
1037 3215 1114 3305 digta
1130 3254 1153 3292 r:

143 3302 306 3357 testimonia
324 3304 352 3356 B
365 3306 426 3373 (om.
447 3306 480 3374 b).
535 3304 691 3373 Iusquiami
708 3309 757 3361 rb:
776 3305 814 3359 Et
827 3307 968 3360 eusosami
981 3309 1018 3363 B.
1071 3314 1104 3363 16
1117 3307 1153 3360 lo-

144 3375 218 3446 certp
237 3376 286 3428 rb:
305 3373 405 3428 lacerti
423 3376 459 3430 B.
534 3380 566 3429 17
585 3376 639 3430 hoc
657 3376 733 3430 idem
751 3379 800 3432 rb:
821 3376 952 3432 similiter
969 3380 1005 3433 B.
1076 3385 1109 3433 18
1126 3394 1153 3432 os

144 3445 195 3496 aut
207 3442 317 3512 ahquid
331 3444 488 3514 inmerito,
508 3462 602 3500 ossum
616 3446 695 3501 aliud
714 3447 830 3515 aliquod
844 3447 916 3518 (dlio’
931 3448 1006 3522 alid)
1024 3448 1153 3505 inheserit

143 3515 171 3566 b:
192 3513 300 3581 aliquid
318 3514 403 3568 inerit
421 3517 456 3571 B.
