2392 3922
360 180 596 234 EUPORISTON
612 179 870 233 FAENOMENON.
1086 178 1128 242 97

183 347 214 405 si
247 345 311 406 hoc
346 345 481 406 adhibito
515 343 662 405 adiutorio
691 352 742 405 aut
773 346 907 424 pruritus
935 350 986 404 aut
1014 343 1129 404 scabies

86 435 376 515 perseveraverint,
398 433 513 513 lapathi
536 435 661 512 agrestis
689 433 773 493 radix
800 434 925 492 tritaet
950 451 1018 493 eum
1046 440 1128 493 aceto

86 525 262 585 commixta
292 524 328 583 in
350 522 469 583 balneis
493 521 632 601 similiter
655 520 820 581 adhibenda
844 527 897 581 est.
944 523 987 581 sie
1010 520 1130 582 alumen

87 620 255 673 umectum
277 629 353 672 eum
376 610 466 671 melle
485 611 686 691 commixtum,
706 627 763 688 quo
782 609 938 669 linimento
957 610 1130 688 frequenter

86 703 183 761 etiam
208 703 247 760 in
272 699 341 760 sole
367 698 500 760 adhibito
519 698 638 759 liberati
657 705 735 758 sunt.
776 698 824 758 his
848 698 1021 777 frequenter
1040 700 1129 759 etiam
1157 711 1170 750 ⁵

88 789 205 868 [rigida
227 788 354 849 lavacra
372 788 559 868 profuerunt.
593 793 698 867 postea
716 785 780 847 oleo
800 805 887 848 roseo
906 787 952 847 vel
971 786 1129 847 lentiscino

88 888 140 939 ant
163 885 300 939 murteo
325 876 458 937 admixto
480 862 550 935 vind
574 894 605 937 se
629 874 732 936 utilius
755 875 960 955 perfuderrmt.

183 965 317 1026 scabias
335 983 408 1025 vero
428 967 456 1025 si
473 963 641 1025 vulneratas
664 963 832 1045 habuerint,
854 963 1077 1043 myrobalanum
1101 961 1182 1025 etll3

90 1055 227 1134 sulphur
246 1056 356 1114 vivum
372 1071 520 1132 exaequo
539 1059 696 1114 contusum
714 1054 860 1113 cerotario
880 1071 916 1113 ex
934 1052 997 1113 oleo
1013 1060 1129 1111 murteo

92 1144 260 1224 liquidiori
290 1143 488 1223 commisero,
514 1148 548 1202 ut
574 1141 633 1201 levi
659 1146 811 1220 unguento
835 1159 939 1201 eorum
961 1143 993 1200 in
1016 1139 1129 1199 balneis
1145 1155 1171 1193 10

93 1232 225 1293 vulnera
247 1237 486 1311 pertractentur.
518 1230 566 1291 his
585 1247 657 1290 sane
676 1228 805 1291 calidum
822 1229 971 1290 lavacrum
987 1246 1131 1306 aquarum

91 1320 237 1382 dulcium
273 1319 503 1400 procurandum
534 1325 592 1400 est,
624 1320 657 1379 in
690 1336 748 1397 quo
777 1317 945 1397 supradicta
977 1316 1131 1376 linimenta

91 1408 277 1471 adhihenda
304 1415 384 1468 sunt.
423 1425 493 1467 nam
516 1414 546 1468 et
567 1409 644 1467 turis
667 1406 792 1467 maseuli
815 1413 845 1467 e't
867 1405 960 1485 puleii
979 1424 1015 1466 ex
1036 1423 1130 1484 aequo

93 1498 195 1578 pulvis
229 1496 351 1557 ibidem
379 1497 412 1556 in
439 1494 553 1556 balneis
576 1495 730 1555 commode
753 1494 919 1576 adhibetur,
947 1493 1131 1555 commodius

94 1591 120 1648 si
139 1588 244 1648 etiam
264 1603 340 1645 cum
358 1587 428 1644 vino
448 1591 478 1644 et
497 1583 561 1644 oleo
580 1585 749 1644 misceatur.
782 1585 826 1643 sie
844 1585 1171 1663 nitrumeumvino,15

96 1678 139 1736 sie
159 1677 313 1755 ptisanae
338 1691 439 1753 sucus,
463 1674 514 1751 qui
531 1672 705 1750 frequenter
724 1673 813 1732 etiam
832 1690 900 1733 cum
919 1678 1001 1732 aceto
1021 1674 1131 1731 mixtus

97 1764 165 1843 plus
191 1763 328 1843 proluit.

171 1977 187 2024 l
209 1968 274 2022 hoe
295 1972 344 2022 eto.
358 1966 387 2020 Β
400 1965 457 2022 Gei.
469 1965 532 2036 (hoc
551 1966 615 2022 adh.
635 1964 770 2020 beneficio
784 1968 821 2034 ul:
840 1963 884 2018 his
900 1963 1035 2018 adhibitis
1055 1962 1133 2016 adiu-
1157 2009 1160 2015 .

98 2041 180 2095 toriis
203 2041 234 2095 b.
316 2037 588 2106 aperseveraverine
606 2039 642 2093 rb
654 2039 725 2093 Gai:
746 2035 818 2089 -rit
831 2037 859 2089 Β
878 2037 937 2105 (ubi
955 2036 1019 2089 odd.
1035 2036 1063 2088 b:
1082 2035 1134 2086 hee

98 2112 262 2165 linimento
287 2107 320 2161 in
344 2108 473 2176 sequenti
495 2108 590 2164 uteris.
617 2124 672 2176 que
699 2125 751 2178 sup
775 2123 884 2176 semper
911 2105 975 2175 plus
1001 2105 1134 2173 prodesse

97 2179 447 2310 {thillmldilfflfi
463 2178 902 2318 “humatiithidlil
932 2174 1135 2315 arsilli?

99 2295 238 2379 metulla
257 2323 298 2376 Β.
390 2322 623 2390 tque-(olsunt
640 2339 689 2376 om.
711 2323 734 2375 b.
814 2319 879 2372 oin
898 2319 956 2372 sole
975 2319 1087 2374 Boioi:
1107 2302 1137 2373 in

99 2396 159 2450 solo
180 2414 208 2450 r.
313 2391 513 2461 eprofuerunt
530 2392 590 2446 rB:
616 2408 679 2445 -re
699 2391 757 2446 Gai.
832 2392 860 2443 et
877 2392 998 2460 (postea)
1017 2391 1080 2444 add.
1100 2392 1136 2446 Β.

100 2473 115 2519 i
133 2465 213 2535 myri
231 2464 337 2531 Blrteo
356 2463 465 2518 Bari:
484 2462 598 2516 mirtino
616 2465 661 2518 rb.
742 2461 809 2515 vino
829 2477 857 2514 se
876 2462 924 2515 rB
935 2462 1006 2517 oei:
1026 2463 1058 2514 ut
1076 2478 1136 2515 mos

101 2550 133 2595 ÷
148 2534 276 2605 (utilius
296 2536 487 2604 perunxerunt
505 2537 585 2604 quasi
603 2535 652 2603 qui
668 2534 739 2587 mole
752 2533 858 2603 lepisset
875 2535 981 2602 amose)
997 2535 1020 2587 b.
1075 2551 1137 2602 per-

99 2608 249 2662 fuderunt
269 2606 300 2659 Β
312 2605 384 2660 Gela
403 2604 567 2673 profuerunt
581 2606 699 2673 (iterare)
717 2621 740 2658 r.
814 2608 830 2655 8
850 2603 961 2657 scabies
980 2622 1007 2658 r:
1028 2605 1137 2658 scabies

99 2681 149 2733 Bb
161 2679 233 2735 θεῖ.
254 2677 294 2742 cf.
314 2680 339 2743 1,
359 2681 405 2729 56.
477 2675 640 2730 vulneratas
659 2677 708 2730 rb:
727 2673 845 2727 vulnera
862 2675 897 2742 Β,
917 2674 1057 2728 ulceratas
1078 2677 1136 2731 θεῖ.

99 2758 115 2804 ‘s
136 2751 305 2804 contusum
324 2746 425 2801 odoia
443 2748 556 2800 tunsum
575 2747 611 2801 Β.
702 2747 810 2814 myrteo
829 2746 856 2799 Β
868 2745 939 2801 eet:
958 2745 1072 2799 mirtino
1091 2749 1135 2800 rh.

102 2846 134 2892 11
150 2837 287 2892 vulnera
305 2835 389 2889 rbB:
408 2834 503 2888 ulcera
519 2835 576 2890 Get.
635 2841 666 2887 12
682 2833 721 2887 SS
736 2834 760 2888 b.
819 2839 851 2886 13
865 2833 943 2903 pulei
957 2852 979 2902 r,
994 2833 1083 2901 puleii
1097 2834 1136 2888 B:

99 2907 221 2979 pulegii
243 2906 334 2960 bGei.
392 2911 426 2958 14
444 2905 551 2959 ibidem
569 2905 616 2959 rB
627 2905 698 2960 eet:
718 2921 768 2959 om.
785 2906 809 2959 b.
864 2904 1136 2958 commoderodeia

98 2975 349 3035 commodissime
368 2977 404 3031 Β.
486 2975 659 3030 commodius
678 2976 739 3031 rB:
759 2992 808 3029 out.
829 2975 886 3030 θεῖ.
903 2976 958 3043 (scol
977 2974 1010 3039 cf.
1032 2975 1060 3026 b:
1080 2973 1137 3025 Me-

100 3053 158 3105 lius
181 3048 330 3118 operatur
349 3046 374 3099 si
393 3063 457 3100 cum
475 3047 541 3101 vino
561 3048 590 3100 et
608 3046 670 3100 oleo
688 3062 768 3100 roseo
787 3045 956 3112 misceatur).
1059 3048 1091 3094 15
1111 3045 1139 3096 et

99 3123 167 3177 oleo
189 3119 357 3174 misceatur
375 3118 454 3173 rGel.
469 3120 517 3187 (bh
538 3134 588 3172 om.
608 3119 643 3172 Β.
754 3122 785 3170 16
801 3116 841 3170 sie
859 3116 970 3184 ptisana
986 3115 1096 3184 (tysano
1113 3115 1138 3175 bl

101 3197 118 3247 b
129 3194 212 3249 Geir
234 3193 267 3244 et
287 3191 409 3270 typsane
427 3206 454 3257 r,
474 3189 514 3242 sie
533 3187 635 3257 eapitis
655 3190 685 3257 (i)
704 3189 732 3241 Β
749 3190 807 3258 (qui
826 3189 867 3240 his
885 3188 964 3239 habet
982 3186 1033 3237 sic:
1059 3183 1137 3237 Com-

101 3263 226 3318 modius
249 3260 277 3314 si
292 3262 382 3313 ettam
401 3276 464 3313 eum
477 3258 550 3313 vino.
580 3258 682 3327 eapitis
696 3276 786 3312 sucus.
808 3257 848 3310 sic
868 3256 972 3309 nitrum
987 3270 1050 3306 eum
1064 3254 1138 3306 vino.

101 3337 144 3389 sic
159 3331 277 3403 capit-is
294 3347 395 3384 succus
410 3330 459 3398 qui
470 3375 475 3384 .
488 3375 493 3385 .
505 3333 522 3399 .)
536 3331 609 3384 uode
624 3328 760 3398 Capnitia
779 3326 882 3381 —tidis
899 3327 977 3379 Neu!
1033 3331 1064 3377 17
1076 3333 1139 3395 post

121 3406 269 3471 rofuit(b‚
290 3400 451 3471 proluerint
467 3419 490 3469 r,
509 3401 572 3470 plus
591 3400 698 3470 profuit
711 3402 738 3454 Β
749 3400 818 3467 aei.)
836 3399 923 3451 iruulta
936 3398 1017 3451 diam
1031 3398 1094 3452 odd.
1111 3398 1139 3451 b:

102 3426 181 3532 b'am
203 3479 237 3531 at
263 3471 392 3544 axungia
410 3471 513 3526 veteris
534 3479 581 3527 etc.
596 3474 658 3540 (per
676 3488 768 3526 corsos
782 3471 837 3536 24).
865 3470 988 3536 sequitur
1010 3471 1140 3526 contiuuo

104 3567 209 3605 uorum
231 3546 288 3601 cub
308 3545 363 3597 hae
381 3543 494 3598 rubrica
513 3544 678 3612 capitulam:
702 3541 929 3594 Verruearum
947 3555 1073 3608 genere
1091 3540 1140 3597 sir

159 3646 309 3689 Theodorus
324 3640 460 3691 Priscianus,
476 3642 511 3680 od,
527 3642 609 3682 Rosa
967 3634 982 3687 ‘l
