2392 3922
536 168 692 227 cccmus
1058 172 1123 239 161

45 346 47 361 '
85 336 158 399 dictis
177 336 396 399 imminendo
423 337 570 399 confectis
594 357 662 400 cum
684 338 887 419 opobalsamo,
915 356 974 418 quo
998 339 1034 400 de
1058 340 1123 400 alti-

86 424 175 487 tudine
197 424 238 487 od
263 426 422 489 thoracis
451 427 642 506 superficiem
669 445 808 489 revocare
833 430 983 508 possimus
1006 447 1122 489 reuma-

167 604 198 663 si
219 603 389 665 tussicula
414 605 634 685 supervenerit,
662 623 736 684 quae
765 603 840 665 mala
862 607 1012 666 vicinitate
1036 608 1123 684 quasi

89 690 210 771 padam
233 694 432 772 contagione
461 691 612 775 sollicitat,
634 693 735 754 babita
759 693 996 754 consideratione
1016 694 1052 754 ad
1076 697 1121 755 in·
1148 709 1162 750 5

90 780 195 841 teriora
217 798 319 843 umor
347 780 403 842 ille
428 798 466 841 ne
489 783 521 841 ln
548 781 668 843 thorace
695 782 747 843 diu
773 781 904 843 resideat
930 782 1138 862 deponendus

90 876 140 931 est
184 868 470 949 perseverantibus
501 875 629 930 attamen
665 872 750 949 prius
782 870 937 931 adiutoriis
969 870 1122 952 ordinatis,

92 957 266 1037 superaddo
289 957 414 1038 plantas
436 975 541 1018 eorum
557 960 624 1037 pice
647 957 759 1037 liquida
776 961 858 1037 tangi
877 958 995 1040 debere,
1018 966 1048 1019 ct
1070 960 1121 1019 lri-

93 1048 151 1107 cari
181 1048 361 1127 unguentis
394 1046 573 1126 supradictis
600 1064 666 1106 eam
695 1053 810 1126 partem
836 1049 967 1127 pectoris
996 1048 1121 1107 admotis

93 1136 233 1213 proxime
259 1132 460 1215 carbonibus,
487 1153 545 1214 quo
572 1134 640 1214 plus
663 1142 714 1196 aut
736 1153 859 1197 evocare
882 1138 914 1195 in
933 1136 1121 1214 superficiem
1136 1154 1162 1193 ιο

94 1230 142 1283 ant
167 1222 241 1285 loco
273 1225 392 1284 siccare
419 1231 552 1284 reumata
586 1223 741 1284 valeamus.
787 1227 902 1285 interea
929 1223 999 1285 licet
1032 1225 1121 1284 etiam

94 1313 330 1373 constrictionis
352 1310 490 1372 molestia
513 1329 601 1391 saepe
623 1311 803 1394 praevaleat,
829 1320 863 1373 ut
885 1312 1021 1390 llegmata
1045 1312 1121 1371 diffi-

94 1400 183 1461 cilius
207 1406 379 1480 egerantur
402 1417 529 1479 quorum
557 1401 682 1479 digestio
710 1403 873 1462 tussientes
895 1399 1027 1462 relevare
1051 1418 1121 1460 con-

95 1492 203 1571 suevit,
226 1488 280 1549 bis
305 1487 473 1568 ecligmatia
495 1489 542 1549 vel
562 1490 700 1568 potiones
723 1488 788 1549 dari
810 1490 916 1551 faciam
939 1508 975 1550 ex
999 1491 1120 1568 origano

94 1576 198 1657 thymo
223 1584 298 1639 ruta
316 1577 406 1637 viridi
424 1594 494 1638 cum
510 1577 663 1638 meliorato
682 1585 733 1639 aut
750 1576 838 1639 melle
858 1578 1031 1657 despumato
1051 1591 1161 1638 con-15

96 1666 189 1729 lectas
219 1672 255 1727 et
283 1683 321 1725 ex
347 1667 504 1744 pinguium
530 1667 655 1727 ficorum
688 1666 860 1727 decoctione
888 1685 957 1727 cum
984 1666 1119 1746 oxymeli.

96 1757 170 1816 etsi
190 1753 373 1835 identidem,
396 1752 550 1815 umoribus
568 1753 695 1815 multum
713 1754 827 1836 solutis,
850 1755 948 1816 lluxus
965 1762 1121 1834 sputorum

97 1842 328 1923 inquietudines
351 1849 382 1902 et
409 1842 523 1922 vigilias
550 1845 732 1925 procurarit,
759 1850 830 1904 tunc
856 1844 893 1904 ad
922 1861 1025 1904 eorum
1053 1860 1119 1902 coa-

95 1932 285 2011 gulationem
304 1930 352 1991 vel
370 1930 567 2010 digestionem
586 1948 691 1992 sucum
708 1934 842 2011 ptisanae
861 1931 907 1993 vel
925 1930 1015 1991 alicae
1035 1929 1120 2010 dabo,

95 2030 143 2081 aut
173 2020 293 2081 lentem
321 2037 391 2080 cum
418 2018 505 2080 melle
533 2027 660 2101 coctam,
692 2019 767 2080 dabo
799 2039 902 2080 omnes
924 2017 1022 2098 pultes
1051 2036 1119 2077 cum
1133 2033 1161 2072 ro

167 2284 182 2333 1
209 2277 402 2334 imminendo:
427 2276 568 2332 inminebo
589 2278 661 2348 eet,
684 2276 807 2332 inmineo
825 2279 876 2347 rb,
904 2276 1031 2330 inmensa
1054 2277 1118 2333 VB.

93 2402 148 2454 quo
174 2385 214 2438 de
242 2384 356 2453 Βᾶθι,
380 2383 456 2451 quod
480 2387 520 2454 (q)
539 2384 620 2440 der:
644 2384 721 2453 quod
743 2383 815 2454 (alt.)
839 2384 871 2453 V,
895 2400 950 2452 quo
969 2360 1009 2454 (ὅ)
1028 2385 1043 2438 b
1062 2384 1121 2452 (ubi

94 2456 276 2524 altitudine).
349 2461 366 2509 2
386 2470 529 2512 revocare:
548 2457 588 2511 sic
606 2456 841 2524 rVBb(evocare
860 2455 939 2523 oet..)
1011 2461 1028 2508 4
1047 2471 1120 2523 quae

93 2530 161 2596 (quc
171 2524 383 2595 r)—solh'eitst
397 2542 447 2581 om.
458 2527 481 2581 b.
533 2525 728 2596 tcontegione
742 2526 795 2580 VB
807 2526 878 2581 Get:
893 2524 1082 2582 concitatione
1096 2545 1119 2582 r.

93 2597 241 2652 sollicitat
264 2597 333 2651 VB:
355 2597 433 2650 -tet
450 2597 532 2653 rael.
604 2597 642 2651 ad
660 2595 794 2651 inferiore
811 2598 848 2651 rb
859 2597 931 2652 oet:
951 2614 1001 2654 om.
1022 2600 1049 2653 V
1062 2600 1121 2669 (ubi

92 2668 138 2723 vel
157 2669 279 2736 humor)
298 2674 324 2722 et
340 2669 377 2722 B.
452 2670 544 2724 lest:
563 2667 618 2722 erit
637 2669 696 2725 eet.
768 2666 859 2737 prius:
882 2667 1022 2737 prioribus
1042 2672 1064 2725 b.

92 2738 241 2795 ordinatis
259 2739 379 2794 ἠθάς
399 2754 449 2793 om.
474 2739 538 2793 VB.
590 2745 607 2792 8
627 2755 693 2793 sane
708 2739 783 2808 (post
801 2739 970 2809 superaddo)
984 2742 1048 2796 add.
1061 2741 1119 2795 θεῖ.

92 2832 162 2897 (aon
181 2829 221 2908 rb
229 2826 307 2896 VB).
394 2831 515 2896 9supra
533 2826 645 2897 seriptis
663 2815 729 2896 rdi
739 2828 773 2897 b).
869 2827 987 2882 eandem
1009 2829 1120 2896 partem

92 2896 1118 3037 bbqssaelp⁸locurrdbsbdeoecraemarrbulffngteg)bfevocarelg'eonstrdgtibbbb

92 3042 246 3108 rGel.(b):
266 3038 445 3093 contritionis
464 3041 559 3108 (-nes
582 3040 621 3110 V)
645 3040 709 3095 VB.
784 3044 817 3093 13
835 3039 991 3108 tusigentes
1016 3037 1046 3091 V.

93 3111 228 3165 relevare
246 3112 341 3166 roera
360 3110 486 3165 revelare
503 3113 563 3182 (sic)
586 3111 651 3166 VB.
756 3116 790 3163 14
809 3107 975 3179 eligmathia
993 3108 1020 3162 V
1031 3108 1120 3187 (sstia

95 3182 179 3250 Get),
201 3179 353 3236 elimethia
367 3182 404 3250 Β,
423 3181 572 3236 elecmctie
585 3199 608 3238 r.
661 3186 693 3236 16
708 3183 738 3236 et
751 3197 786 3235 ex
799 3200 826 3235 r:
846 3197 880 3234 ex
894 3179 1118 3248 (...decoct10ne)

99 3253 210 3319 voci,
231 3254 261 3305 et
275 3253 291 3320 (.
304 3296 310 3307 .
321 3295 327 3306 .
340 3251 542 3322 decoctionem)
560 3253 596 3307 Β,
677 3258 710 3307 17
730 3251 830 3305 solutis
848 3251 892 3305 rB
903 3250 975 3305 Get:
996 3248 1119 3302 solutum

101 3324 216 3391 l'(bcec
229 3325 262 3377 io
276 3324 385 3379 notus
398 3330 538 3378 contracta
551 3324 631 3378 babet
645 3324 668 3390 b,
688 3327 737 3394 qai
750 3339 799 3377 cm.
820 3318 1119 3400 quorum-umoribus

96 3412 120 3449 τ.
137 3397 268 3462 13-17).
362 3398 396 3446 18
414 3393 571 3463 procurarit
589 3395 683 3450 Voez.
694 3391 846 3462 (-revcrit
859 3409 886 3457 r,
905 3392 1065 3443 -ravennt
1079 3392 1118 3458 b):

98 3463 235 3589 l-btiitulli.
284 3469 345 3590 ,19
365 3461 455 3517 alicae
473 3466 550 3521 er:
570 3463 658 3519 calice
682 3465 713 3522 V.
786 3468 821 3517 20
839 3461 944 3515 lentem
961 3462 1039 3517 rVB
1047 3462 1119 3517 Get:

110 3550 185 3589 eno
219 3551 266 3589 am
302 3577 309 3590 .

153 3634 287 3676 Theodorus
301 3632 446 3688 Prlsolsnur,
460 3635 494 3676 ed
505 3635 585 3676 Rosa.
925 3626 958 3675 11
