2392 3922
420 182 469 232 nx
487 182 774 236 Peenno-mmo,
1042 182 1106 247 357

91 353 145 405 que
164 335 252 391 tertia
271 340 301 391 et
319 340 422 406 quarta
442 339 488 394 die
506 338 642 410 (facies).
667 339 731 393 istis
757 356 868 408 quoque
893 339 992 394 diebus
1012 359 1029 395 a
1048 357 1107 395 oar-

89 416 174 470 nibus
195 419 224 471 et
243 433 261 470 a
278 416 345 472 vino
369 417 520 473 abstineat.
550 419 650 487 quinta
673 421 769 474 autem
792 419 838 474 die
861 419 938 474 radis
962 421 989 474 ei
1013 425 1108 491 caput,

89 496 299 551 medicamento
315 497 369 552 hoo
388 497 479 568 ungis.
499 498 613 553 acaciae
627 511 664 559 ÷
676 499 697 567 Ι,
717 498 851 552 aluminis
870 499 950 554 scissi
965 517 1024 555 sem
1037 515 1074 559 -;-
1086 502 1108 571 Ι,

91 575 223 630 cimoliae
242 593 302 630 sem
314 589 351 636 ÷
364 578 390 645 Ι,
415 577 484 631 nitri
503 577 680 632 alexandrini
695 578 713 632 S
727 579 753 648 Ι,
771 596 892 634 mannae
910 579 982 634 turis
997 580 1108 638 avim.

89 655 161 710 haec
189 655 259 710 teris
283 674 347 710 cum
369 660 450 712 aceto
474 674 563 726 usque
588 658 618 711 in
642 657 855 727 spissitudinem
876 659 982 728 mellis,
1011 662 1040 714 et
1068 660 1108 714 sio
1136 675 1149 715 5

89 751 179 804 unges
199 738 293 804 caput.
313 738 379 806 post
393 736 454 790 dies
473 740 569 791 autem
583 741 640 792 tres
654 739 708 792 hoc
721 737 815 807 ipsum
833 739 929 795 facies.
950 739 991 793 sic
1010 756 1107 794 curare

90 832 174 869 nares
192 833 322 885 mcipies.

88 1003 137 1056 Ad
150 1003 177 1070 Ι,
192 1007 228 1056 14
243 1007 303 1071 (44)
318 1003 364 1057 De
383 990 482 1057 'fluxu
501 1002 682 1071 sanguinis
701 1004 835 1058 narium
848 1007 924 1074 (poet
942 1012 1106 1072 caruerant,

204 1084 254 1138 ubi
272 1085 332 1138 alia
349 1085 429 1138 habet
446 1085 472 1153 b)
490 1085 530 1138 sic
547 1100 563 1136 1·
582 1086 608 1150 (e
626 1085 700 1138 Med.
721 1085 796 1141 Ptin.
812 1085 987 1152 L26-28).

161 1187 265 1242 Testae
284 1204 400 1242 ovorum
418 1189 493 1243 unde
512 1188 584 1258 pulli
599 1189 786 1243 excluduntur
800 1187 902 1242 leviter
919 1189 1013 1242 tostae
1033 1189 1062 1240 et
1075 1187 1106 1241 in
1122 1204 1147 1244 1o

87 1267 236 1337 pulverem
262 1268 396 1322 redactae
422 1283 473 1337 per
500 1268 625 1323 fistulam
647 1268 763 1322 naribus
786 1267 980 1336 insufflantur,
1007 1266 1106 1320 statim

88 1347 259 1416 sangnsinem
278 1346 362 1401 sistit.
381 1346 451 1402 item
465 1347 614 1418 spongiam
630 1348 752 1402 cinerem
770 1346 841 1400 facis
860 1350 890 1402 et
907 1346 938 1400 in
956 1347 1019 1416 ipsa
1038 1362 1106 1400 nare

87 1426 193 1496 mittis,
218 1428 248 1480 et
270 1427 425 1496 restringit.
449 1427 519 1481 item
536 1427 633 1482 fimum
656 1426 791 1495 equinum
814 1442 878 1480 oum
897 1428 978 1481 aceto
997 1426 1107 1497 (teris)

87 1509 117 1561 et
135 1505 271 1576 adiungis
289 1507 335 1560 his
353 1506 446 1576 picem
463 1506 603 1576 virginem
620 1507 727 1562 tritam.
752 1507 828 1574 quod
846 1507 940 1562 uniter
959 1507 1108 1563 subactum

86 1585 176 1640 fronti
195 1585 263 1640 linis
283 1589 312 1641 et
330 1586 403 1641 collo
423 1586 460 1640 ad
479 1585 616 1641 cervicem
634 1587 724 1656 ponis.
743 1603 809 1641 mox
827 1586 998 1641 clauduntur
1016 1603 1105 1641 venae
1121 1603 1147 1643 15

86 1664 217 1720 fluentes.

159 1753 232 1808 item
259 1754 302 1808 ad
329 1753 609 1808 destillationem
635 1754 769 1808 narium
796 1771 835 1808 ex
866 1771 988 1809 umore.
1022 1754 1107 1807 ocimi

89 1850 185 1888 semen
208 1832 310 1887 trItum
331 1833 449 1888 naribus
471 1833 870 1906 immissum1destillationem
888 1834 1012 1903 inhibet,
1037 1836 1106 1887 ster-

86 1915 257 1968 numentum
283 1913 360 1969 facit.
389 1914 459 1969 item
486 1913 563 1983 porri
590 1914 710 1984 capitati
737 1913 808 1968 folia
835 1914 923 1968 cruda
950 1913 1010 1967 sine
1032 1929 1105 1982 pane

88 1994 220 2047 eduntur.
240 1992 309 2048 item
328 1993 415 2048 aliud.
436 1994 530 2048 oleum
548 1993 673 2048 calidum
692 1994 771 2048 eunti
785 1993 937 2048 dormitum
950 1992 1106 2062 <cerebro>
1120 2016 1147 2056 20

86 2073 224 2143 infundis,
245 2075 274 2127 et
292 2072 322 2126 in
340 2090 422 2127 nares
441 2073 574 2128 mittitur.

159 2163 203 2215 ad
224 2160 427 2230 sanguinem
441 2161 480 2215 de
497 2161 640 2235 naribus
656 2162 857 2217 eiciendum.
877 2164 997 2230 nepetae
1008 2176 1105 2213 sucum

87 2241 206 2296 naribus
226 2241 327 2310 supino
346 2240 497 2296 infundite.

88 2463 174 2517 tertia
190 2463 238 2516 die
252 2465 282 2517 et
295 2464 398 2530 quarta
411 2461 499 2516 facies
512 2462 545 2530 P,
564 2462 617 2517 hoc
632 2465 662 2517 et
675 2466 718 2517 ter
732 2465 762 2517 et
776 2465 876 2532 quarto
891 2462 978 2517 facies
993 2463 1105 2518 Bamba

88 2538 115 2588 et
134 2534 191 2588 hoo
210 2549 299 2602 usque
317 2532 404 2588 tertio
423 2535 452 2587 et
470 2535 573 2601 quartd
594 2533 676 2589 dier.

160 2627 176 2674 2
197 2621 364 2676 abstineant
380 2641 403 2677 r.
541 2626 611 2675 tm.
631 2622 658 2676 h.
678 2640 766 2692 unges
787 2625 849 2692 (sic)
869 2642 897 2679 r:
916 2626 946 2678 et
964 2623 1047 2692 ungis
1067 2622 1105 2676 ad

88 2695 114 2760 (a
133 2694 171 2761 P)
190 2691 288 2746 media
306 2692 399 2747 fronte
417 2695 511 2747 totum
529 2695 615 2761 caput
633 2712 669 2748 m.
688 2693 742 2747 hoc
761 2694 931 2764 P(Bomb.).
1014 2699 1030 2746 3
1050 2696 1105 2762 (27)

87 2764 170 2834 ungis
180 2765 291 2832 Bana„
305 2780 391 2832 -ges
400 2781 422 2818 r.
481 2763 542 2816 tle.
558 2768 594 2831 ’ξ
610 2767 672 2832 (sic)
687 2783 710 2833 r,
730 2766 859 2828 §Rome
916 2765 942 2820 S.
953 2770 988 2831 ,ἢ
999 2765 1070 2830 (tic)
1081 2781 1105 2817 r.

88 2840 214 2903 tueque
233 2834 271 2888 ad
290 2835 327 2889 P:
347 2833 378 2887 in
397 2835 510 2902 (simpl.)
529 2852 552 2888 r.
609 2834 649 2888 sic
667 2852 717 2890 om.
738 2836 770 2890 P.
827 2838 891 2889 set
908 2854 935 2904 p.
952 2835 978 2889 d.
997 2837 1055 2887 tres
1071 2834 1103 2887 P.

86 2906 189 2961 uidsu
210 2908 273 2973 (sic)
292 2924 308 2961 r
326 2905 390 2975 (hoc
408 2904 507 2973 ipsum.
520 2905 565 2973 P).
658 2911 789 2960 luerem
807 2924 829 2960 r.
912 2911 946 2959 10
965 2907 994 2958 ct
1011 2921 1062 2957 om.
1081 2921 1104 2958 r.

90 2983 121 3030 12
142 2975 290 3045 sanguinis
308 2994 331 3031 r.
416 2975 521 3029 sistunt
540 2976 572 3029 P.
647 2976 782 3046 spongiae
801 2976 965 3030 combustae
984 2974 1106 3028 cinerem

87 3047 117 3100 in
136 3055 183 3102 etc.
204 3047 237 3100 P.
311 3052 345 3100 13
363 3046 429 3100 fimo
448 3045 551 3113 equino
569 3065 585 3102 r
600 3047 733 3115 (Bamb).
815 3046 898 3102 teris:
917 3045 986 3100 trito
1005 3045 1103 3098 Bomb.

90 3122 151 3185 (om.
171 3123 208 3186 r).
286 3120 316 3171 et
334 3116 466 3186 adiungis
485 3135 501 3171 r
519 3116 623 3186 (iungis
642 3120 730 3188 ampl.
749 3118 867 3187 Romo).
959 3120 993 3168 14
1011 3113 1105 3166 uniter

89 3190 239 3243 subactum
252 3189 352 3243 Bomb.
367 3191 451 3258 (teres
470 3189 503 3241 ut
520 3205 607 3241 unum
626 3204 726 3258 corpus
740 3186 848 3256 fiatP):
867 3186 942 3240 inter
959 3186 1067 3239 iactum
1080 3202 1104 3239 r.

89 3264 122 3313 25
140 3258 217 3314 collo
236 3275 254 3313 a
273 3259 377 3313 cervici
395 3259 494 3313 Bomb.
514 3257 555 3327 (in
573 3257 677 3312 collum
695 3275 729 3311 ac
747 3257 885 3312 cervicem
904 3258 948 3326 P).
1004 3260 1037 3309 17
1048 3257 1104 3324 (18)

90 3329 309 3385 distillationem
326 3348 348 3385 r.
368 3330 402 3397 cf.
423 3328 650 3396 Ps.Plia.1,11
670 3328 748 3400 Iope.
799 3328 916 3382 humore
930 3327 979 3383 rP.
1035 3328 1104 3379 ster·

89 3403 297 3469 numentum,
316 3399 529 3455 -nutationem
547 3401 580 3455 P.
654 3405 687 3459 19
707 3398 827 3469 capitati
846 3400 883 3455 P:
903 3397 991 3468 capiti
1009 3416 1032 3452 r.

90 3477 123 3525 20
146 3471 260 3527 celebro
283 3472 382 3528 Bamt.
403 3471 516 3536 (crebro
535 3470 588 3540 P),
613 3470 644 3524 in
667 3470 812 3525 cerebrum
829 3471 921 3526 Marc.
937 3487 967 3539 p.
987 3472 1054 3536 113,
1073 3471 1104 3524 9:

91 3559 139 3599 om.
158 3562 181 3601 r.
257 3547 290 3597 21
310 3541 469 3597 infunditur
488 3541 516 3594 P
533 3541 658 3612 (Marc).
736 3548 770 3595 22
788 3543 843 3598 oid.
862 3543 990 3611 PI,27.
