2392 3922
419 186 470 236 on
487 185 640 238 cumcun
658 187 775 240 vmns.
1046 186 1112 251 263

86 349 250 411 adiuvandi
279 357 358 410 sunt.
392 348 557 426 [interdum
584 368 653 410 cum
681 349 797 428 dolore]
829 349 924 411 calido
951 359 1033 413 tactu
1064 353 1111 414 vel

87 438 195 500 sabani
218 438 266 499 vel
289 455 440 519 manuum,
466 436 607 499 cantabro
631 440 721 499 etiam
738 439 839 518 tepido
862 442 1012 518 pectinem
1035 442 1112 503 cale-

89 528 189 588 facere
213 533 343 607 oportet,
366 527 412 587 vel
435 533 515 587 certe
540 525 635 587 calido
655 526 719 587 oleo
737 529 867 588 vesicam
889 531 1042 607 porcinam
1061 538 1112 591 aut

90 615 234 677 bubulam
257 614 433 694 inguinibus
457 621 507 675 aut
524 617 638 693 pectini
655 634 709 695 pro
733 615 874 677 lenticula
897 617 1032 678 adhiberi
1051 637 1110 679 non

90 707 217 765 nimium
244 703 403 784 repletam,
433 721 492 782 quo
520 705 616 782 possit
643 703 781 764 omnibus
809 704 883 765 locis
911 705 1019 767 diffusa
1041 725 1110 786 pro·
1137 723 1147 764 c

92 793 192 872 desse,
219 794 384 872 incipiente
413 790 524 852 dolore.
549 793 580 852 ‘si
603 793 714 853 nimius
744 791 828 852 dolor
855 793 959 875 luerit,
983 786 1110 856 'fleboto-

89 881 218 942 mandus
241 882 314 959 erit,
342 887 372 941 et
399 888 467 959 post
494 882 617 941 tertium
640 881 719 941 diem
746 880 898 941 flebotomi
926 881 990 943 oleo
1015 883 1109 944 calido

87 968 272 1030 absinthiato
295 968 483 1050 fomentabis,
507 987 543 1029 en
562 971 627 1049 ipso
647 976 677 1029 et
696 976 758 1029 toto
782 987 907 1050 corpore
927 975 1111 1050 perungueri

87 1058 197 1118 eodem
221 1057 287 1118 oleo
311 1057 402 1118 facies
426 1064 456 1117 et
479 1055 594 1135 detergi
617 1059 718 1118 statim
741 1057 851 1118 sabano
875 1057 978 1118 calido.
1024 1078 1110 1138 prae·

88 1153 174 1207 terea
197 1145 378 1225 hydrelaeon
402 1144 530 1206 calidum
552 1145 613 1226 fiet,
637 1148 746 1225 quoin
769 1164 837 1206 vase
856 1145 975 1207 adiecto
991 1150 1108 1226 patiens
1124 1164 1147 1204 rc

88 1233 291 1314 supersedere
316 1233 422 1295 debeat
445 1241 475 1295 et
493 1235 637 1312 vaporari.
679 1234 754 1294 cibis
774 1241 873 1295 autem
891 1236 1004 1296 utimur
1027 1239 1108 1296 sucis

88 1322 183 1384 alicae
207 1321 366 1402 aliquando
390 1330 421 1384 et
442 1325 586 1403 ptisanae,
610 1329 640 1382 et
663 1325 726 1382 ovis
749 1322 949 1402 thermapalis.
986 1331 1015 1384 et
1039 1324 1109 1386 cali·

88 1411 158 1471 dam
186 1429 294 1490 aquam
322 1411 422 1492 bibat,
455 1410 631 1471 admodum
653 1418 769 1491 tamen,
802 1430 839 1472 ne
867 1411 1019 1473 inflatione
1043 1415 1109 1474 eius

88 1519 196 1560 rursus
220 1502 319 1561 vesica
342 1499 489 1560 tendatur.
531 1506 562 1559 et
585 1506 756 1578 augmentet
774 1518 930 1579 quousque
955 1501 1039 1561 dolor
1057 1501 1108 1564 de·

88 1591 177 1648 sinat.
225 1590 251 1649 si
275 1589 341 1649 lieri
359 1595 470 1668 potest,
497 1589 577 1647 inter
600 1587 680 1648 diem
703 1590 836 1667 accipiat.
866 1591 894 1649 si
916 1596 1016 1650 autem
1038 1609 1107 1670 per·
1122 1604 1147 1646 15

89 1679 274 1737 severaverit
297 1675 397 1756 dolor,
420 1675 628 1754 cataplasmate
651 1678 745 1736 uteris
768 1677 800 1736 id
823 1684 870 1738 est
892 1677 1047 1752 malactico
1072 1698 1109 1740 ex

90 1765 177 1825 melle
202 1771 233 1826 et
256 1764 421 1825 seminibus
439 1764 495 1824 lini
512 1764 592 1824 laeni
609 1767 710 1843 graeci
731 1772 763 1825 et
784 1764 895 1844 polline
913 1757 1015 1827 tritici.
1053 1768 1108 1826 im-

89 1872 183 1931 pones
207 1855 299 1914 etiam
322 1860 352 1913 et
375 1852 545 1914 cucurbitas
567 1853 625 1913 hoc
648 1861 695 1913 est
718 1853 799 1914 cuias
825 1860 971 1914 ventosas.
1018 1861 1108 1932 atque

88 1944 116 2000 si
148 1945 180 2001 in
212 1948 328 2002 tantum
365 1943 613 2021 perseveraverit,
650 1943 739 2001 etiam
777 1940 945 2022 scarilabis,
978 1947 1008 2001 et
1040 1949 1108 2019 post

88 2110 201 2191 pectine
226 2110 288 2166 cale
310 2109 399 2164 faciat
417 2110 738 2180 (interiorum-dolore
763 2112 833 2178 ωτι).
925 2109 1107 2164 boethamate

89 2181 352 2305 admlmllllerrclum
382 2268 446 2305 cum
472 2253 574 2325 {dolore
598 2256 647 2322 (sic
667 2255 765 2307 iterum
783 2253 807 2320 r)
829 2251 944 2304 delendo
970 2252 1107 2307 videntur.

90 2322 251 2392 itepidius
271 2322 382 2392 pectine
400 2339 424 2377 r.
493 2325 569 2379 3vel
588 2322 758 2393 -(6)dolore
777 2338 826 2377 om.
847 2322 871 2376 b.
944 2326 1035 2376 4non
1053 2322 1109 2377 nisi

89 2393 157 2446 dum
176 2394 287 2463 repleta
305 2412 327 2448 r.
421 2393 610 2465 bincipiente
630 2393 725 2448 dolore
744 2411 767 2448 r.
875 2389 961 2446 fuerit
979 2410 1007 2448 r:
1027 2393 1065 2447 sit
1083 2396 1107 2450 b.

91 2487 106 2532 7
126 2485 155 2534 et
173 2500 200 2537 r:
221 2480 305 2536 sedb.
361 2487 378 2536 8
393 2470 487 2536 absin-t
506 2484 534 2538 b:
555 2499 605 2538 om.
619 2500 643 2537 r.
704 2480 932 2550 fouentabispic,
950 2487 983 2536 ut
996 2482 1071 2552 colet)
1085 2500 1108 2537 r.

89 2551 483 2692 cretica-{eccm
500 2554 567 2693 rc
583 2552 850 2694 catanae>
869 2552 1108 2679 curam

89 2693 120 2745 in
138 2709 194 2762 quo
214 2693 329 2763 paciens
349 2693 446 2748 sedere
465 2694 491 2748 d.
511 2697 540 2749 et
557 2713 583 2749 v.
604 2697 627 2750 b.
709 2694 785 2763 quod
803 2693 835 2748 in
851 2710 878 2749 v.
899 2693 1042 2750 adiectum
1059 2713 1110 2765 pa-

88 2766 153 2817 tena
172 2782 194 2819 r.
269 2770 302 2818 11
322 2780 389 2819 suco
409 2766 434 2832 b,
454 2781 536 2818 sucus
554 2784 577 2820 r.
642 2771 672 2818 12
692 2765 870 2834 aliquantum
887 2767 973 2833 r(om.
993 2768 1035 2834 b).

88 2834 203 2904 ptisana
219 2836 247 2891 b:
265 2837 385 2905 tysanae
395 2853 418 2904 r,
438 2838 467 2889 et
480 2835 586 2890 orister
599 2834 721 2906 mapalis
736 2837 795 2905 (etc)
813 2854 841 2891 r:
861 2833 923 2888 Ova
940 2835 1109 2889 temnantica

90 2905 178 2975 apula
197 2908 221 2961 b.
295 2907 324 2959 et
342 2905 417 2981 (cal.)
437 2923 487 2961 om.
502 2909 524 2961 b.
618 2911 650 2960 13
674 2905 774 2960 bibant
793 2907 816 2961 b.
907 2906 1003 2959 tamen
1026 2922 1107 2959 ner:

89 2978 156 3048 tanc
177 2978 201 3030 b.
296 2975 455 3031 inflatione:
478 2975 701 3031 inflammatione
719 2978 764 3031 rb.
862 2973 922 3029 eius
941 2992 990 3030 om.
1012 2977 1035 3028 b.

91 3052 125 3098 14
153 3051 235 3100 rursu
259 3064 281 3101 r.
373 3049 402 3101 εὴ
430 3051 594 3117 augmentet
621 3064 727 3116 quor:
755 3063 806 3101 om.
831 3047 854 3101 b.
965 3049 998 3097 lt
1025 3044 1107 3099 inter.

91 3116 166 3170 diem
184 3137 212 3171 r:
232 3116 262 3181 in
279 3116 368 3171 tercio
387 3117 433 3171 die
452 3119 528 3188 Μαί.
545 3117 616 3173 anl.
637 3119 691 3172 chr.
708 3121 734 3184 5,
748 3121 784 3171 74
802 3113 961 3169 intervallis
981 3113 1107 3182 dierum).

90 3187 185 3241 cibum
206 3187 349 3257 accipiant
367 3189 390 3243 b.
494 3194 527 3242 ιθ
547 3188 627 3242 dolor
644 3202 716 3256 pers.
736 3188 761 3241 b.
850 3185 869 3239 i.
888 3183 1062 3238 malacteriis
1080 3202 1107 3239 r:

90 3274 140 3312 om.
161 3260 238 3327 b(cf.
259 3259 352 3314 Escol.
372 3276 417 3328 op.
438 3259 537 3328 Gartp.
552 3264 579 3326 3,
594 3260 648 3325 35).
742 3260 775 3308 17
794 3255 847 3309 lini
867 3260 926 3310 seffi
944 3257 1005 3324 (om.
1026 3257 1064 3323 et)
1084 3255 1108 3309 b

91 3328 529 3400 foenugreci.et-polluines(sic)
548 3347 572 3396 r,
591 3327 750 3396 fenugreco.
771 3328 800 3380 et
817 3323 883 3394 poll'
906 3328 931 3382 b.
994 3325 1109 3394 Iupoms
1144 3352 1147 3399 j

91 3399 179 3453 etiam
199 3402 228 3454 et
245 3417 273 3455 r:
294 3401 323 3453 et
340 3399 457 3469 inpones
473 3401 501 3454 et
517 3402 540 3454 b.
597 3404 631 3453 18
645 3397 867 3452 hoc-ventosas
882 3413 931 3451 om.
948 3396 970 3450 b.
1023 3398 1110 3464 atque

91 3469 164 3524 siin
183 3473 203 3524 t.
223 3488 252 3526 r:
271 3469 302 3525 si
321 3469 401 3524 dolor
419 3472 443 3526 t.
515 3469 603 3524 etiam
618 3487 638 3524 s.
654 3486 682 3523 r:
702 3467 776 3522 scari
793 3465 868 3521 iabit
886 3482 950 3522 eum
968 3465 1060 3521 locum
1079 3464 1113 3519 in

90 3557 146 3608 qno
166 3540 247 3596 dolor
266 3543 310 3594 est
329 3543 353 3596 b.
