2392 3922
90 162 130 216 vt

178 328 254 388 Sunt
272 333 371 412 autem
385 328 570 405 paucissimi:
587 329 637 406 qui
656 346 725 388 vero
745 335 863 405 praeter
877 326 1103 386 Bruxellensem

90 421 240 499 integrum
268 417 400 477 omnium
427 414 574 476 librorum
606 418 698 477 trium
729 424 845 477 textum
873 416 1105 501 comprehendat

89 525 168 567 unus
191 512 307 566 tantum
332 510 411 564 extat
434 506 551 583 etipse
575 508 726 566 recentior

81 610 85 618 ·
178 591 1103 655 r=RomanusbibliothecaeBarberinianaelX.29

91 678 247 767 (foliorum
261 676 351 763 289),
370 700 459 760 quem
478 701 545 743 cum
564 686 778 763 excerpsissem
800 701 877 744 anno
894 680 989 763 1881,
1005 674 1105 742 'hieme

90 774 211 834 demum
235 766 416 852 clitellae
440 773 550 832 iterum
571 771 683 850 Romae
706 765 829 833 tractavi
854 780 976 852 totoque
1001 771 1105 831 collato

89 861 322 940 praeindicatam
354 859 425 919 olim
462 863 633 940 opinionem
668 864 795 922 correxi.
838 864 972 922 continet
1006 867 1106 921 autem

89 950 300 1011 bibliothecam
322 964 400 1010 unus
425 953 509 1028 quasi
539 951 687 1030 quandam
709 950 869 1031 medicam,
894 944 1035 1029 scriptam
1056 950 1104 1009 lit-

90 1041 164 1099 teris
188 1028 275 1099 modo
294 1038 511 1116 langobardicis
530 1040 619 1099 modo
638 1042 670 1100 in
689 1043 753 1120 ipsa
771 1040 868 1100 media
887 1042 993 1119 pagina
1012 1041 1105 1116 scrip-

89 1130 196 1189 iturae·
208 1146 316 1207 genere
340 1134 451 1188 mutato
475 1126 645 1206 vulgaribus
673 1148 747 1209 quae
771 1136 841 1190 sunt
864 1129 974 1189 saeculi
996 1127 1106 1208 leXll.

92 1217 123 1278 ln
141 1236 198 1297 qua
209 1216 364 1277 babentur
378 1236 394 1276 a
409 1217 428 1276 f.
441 1215 620 1280 236-265
634 1219 784 1279 Theodori
801 1218 947 1279 Prisciani
966 1217 1106 1278 archiatri

72 1307 168 1386 -qibri
190 1313 261 1387 tres,
285 1308 337 1384 qui
358 1312 457 1366 tamen
480 1313 604 1384 propter
626 1303 790 1368 ¹secundum
809 1310 860 1386 qui
879 1315 925 1368 est
947 1308 1105 1386 bipertitus

87 1401 219 1455 tuattuor
241 1402 443 1455 numerantur.
468 1395 580 1454 desinit
600 1413 705 1456 manus
725 1395 935 1474 langobardica
954 1404 1022 1475 post
1046 1397 1103 1455 ini-

88 1486 152 1544 ium
178 1483 300 1563 capituli
329 1485 421 1562 primi
451 1482 520 1542 libri
538 1482 579 1543 lll
599 1477 644 1566 (id
669 1494 715 1544 est
733 1483 772 1564 ll,
802 1477 852 1565 2),
881 1477 1015 1544 succedit
1043 1483 1104 1543 vul-

89 1575 169 1652 garis
192 1580 233 1647 ut,
249 1575 387 1651 antiquae
407 1574 571 1651 scripturae
584 1575 744 1651 ‚inpatiens
771 1574 929 1650 minusque
948 1575 1051 1654 perita,
1064 1575 1104 1632 ita

89 1665 189 1723 minus
213 1669 356 1722 accurata.
380 1668 479 1721 textus
502 1669 601 1722 autem
624 1662 655 1721 id
678 1661 827 1740 peculiare
849 1660 945 1721 habet
970 1659 1048 1740 quod
1072 1664 1103 1720 in

89 1753 238 1831 principio
262 1751 383 1829 quidem
404 1753 504 1828 operis
523 1751 685 1811 editionem
707 1758 740 1811 ut
762 1753 804 1811 ita
823 1749 920 1810 dicam
943 1750 1103 1810 secundam

90 1847 207 1920 repetat
225 1840 337 1900 codicis
354 1839 557 1899 Berolinensis
577 1846 665 1917 atque
684 1842 748 1918 ipsa
768 1840 977 1920 additamenta,
996 1839 1104 1917 quibus

90 1929 251 1990 uberrimis
266 1947 302 1988 ex
317 1927 373 1988 alio
388 1927 516 2006 quodam
532 1936 652 1988 auctore
666 1927 753 2007 paulo
773 1930 939 1988 recentiore
951 1923 1043 2011 (saec.
1054 1923 1110 2009 Vl)

90 2018 140 2082 illa
166 2016 341 2096 interpolata
370 2024 428 2097 est,
456 2016 563 2077 deinde
592 2036 608 2077 a
636 2017 765 2096 capitulo
793 2016 836 2076 de·
858 2015 951 2076 oeulis
979 2016 1104 2077 consilio

90 2114 203 2168 mutato
237 2105 370 2166 codicem
404 2106 530 2169 alterum
561 2106 672 2167 bonum
704 2123 871 2185 purumque
905 2113 1046 2184 sequatur
1076 2114 1105 2164 et

89 2194 277 2256 Bruxellensi
294 2193 493 2274 Vaticanoque
512 2199 714 2275 integriorem.
739 2197 790 2274 qui
809 2195 879 2255 licet
897 2194 955 2255 levi
979 2194 1104 2273 quadam

89 2287 122 2344 in
148 2285 281 2344 minimis
301 2277 396 2366 (velut
418 2284 578 2345 verborum
597 2285 701 2345 ordine
719 2292 831 2344 mutato
851 2283 1018 2363 additisque
1037 2301 1104 2361 par-

89 2366 204 2455 ticulis)
228 2390 282 2451 pro
302 2372 413 2432 saeculi
431 2376 546 2433 ratione
565 2373 611 2433 vel
630 2373 799 2451 corrigendi
822 2372 868 2448 vel
887 2373 1025 2445 mutandi
1043 2380 1105 2431 stu-

96 2461 144 2523 dio
177 2468 207 2521 et
234 2463 299 2540 ipse
327 2462 449 2521 allectus
477 2464 528 2541 sit,
559 2464 623 2521 sine
657 2464 721 2521 eius
749 2469 847 2523 tamen
872 2480 926 2540 ope
955 2463 1105 2539 desperati

89 2552 218 2612 fuissent
241 2549 298 2609 loci
322 2552 373 2627 qui
397 2568 465 2609 oum
488 2553 576 2610 etiam
601 2553 632 2609 in
656 2550 786 2610 editione
811 2550 969 2611 Geleniana
996 2569 1030 2608 111
1055 2567 1103 2608 co-

90 2640 155 2701 diee
170 2638 274 2699 mutilo
294 2637 369 2702 facta
388 2638 640 2720 desiderarentur,
659 2639 752 2700 solius
771 2639 882 2700 codicis
901 2637 1104 2698 Bruxellensis

89 2728 165 2790 mala
197 2727 255 2787 tide
287 2726 484 2787 traderentur.
517 2727 632 2788 aceedit
664 2747 700 2788 ex
729 2728 785 2789 hoc
815 2747 874 2788 uno
904 2727 1005 2788 codice
1034 2726 1105 2786 exili

90 2817 236 2878 Prisciani
250 2815 378 2895 capitulo
388 2814 494 2875 XXXII
507 2835 561 2895 pro
577 2817 781 2896 supplemento
797 2817 929 2877 additum
942 2815 1104 2895 capitulum

90 2907 128 2967 de
156 2904 267 2966 calculo
292 2897 370 2986 (sive
393 2906 492 2982 potius
521 2904 557 2964 de
580 2909 695 2967 vesicae
719 2900 814 2988 vitiis)
838 2909 1001 2987 integrum,
1025 2905 1104 2983 quod

91 3015 160 3056 oum
183 2996 291 3074 partim
311 2999 391 3053 extet
409 2995 442 3052 in
459 2992 656 3074 Berolinensi,
676 2998 808 3072 quamvis
828 2995 961 3055 diversae
980 2996 1105 3054 rationis
1130 3023 1136 3038 ·

90 3082 128 3145 et'
144 3084 363 3162 disputationis,
387 3081 510 3142 editimri
529 3084 676 3143 secundae
694 3086 849 3161 proprium
872 3086 968 3162 primo
993 3085 1104 3142 intuitu

89 3173 252 3252 videretur,
274 3173 334 3231 nisi
356 3169 461 3230 eodem
483 3170 570 3230 modo
595 3190 652 3250 quo
676 3171 789 3249 reliqua
809 3174 917 3251 partim
935 3180 1103 3232 truncatum

90 3261 164 3323 illud
191 3263 300 3339 partim
326 3266 445 3320 auctum
474 3267 561 3339 atque
586 3261 626 3319 ita
649 3260 935 3320 Pseudo-Theodoro
958 3263 1104 3320 vetustius

89 3350 210 3412 doceret
237 3348 476 3409 Barberinianus
504 3351 640 3409 cautione
667 3356 766 3408 tamen
794 3351 884 3409 etiam
907 3350 938 3408 in
973 3349 1030 3409 hoc
1054 3366 1102 3407 oo-

91 3439 157 3500 diee
185 3436 351 3499 adhibendo
384 3455 459 3516 opus
487 3456 553 3498 esse
580 3455 703 3497 moneor
726 3454 761 3496 eo
790 3438 868 3516 quod
898 3440 949 3514 qui
972 3437 1105 3497 diversas

86 3527 284 3607 duplicesque
308 3525 450 3588 lectiones
473 3527 522 3587 hic
540 3525 601 3588 illic
622 3525 766 3606 praebere
790 3532 939 3607 arguatur,
963 3526 1028 3586 fieri
1050 3544 1103 3605 po-
