2384 3930
318 186 548 239 suromsron
566 187 816 240 sssnousnou
1040 185 1082 251 51

66 352 125 412 dus
154 350 191 412 de
220 351 331 412 salibus
359 351 406 412 vel
438 351 520 412 milio
549 352 640 412 eloris
669 351 819 413 adhibitus
846 352 967 430 profuit.
1013 351 1087 414 haec

66 443 168 501 omuia
196 439 292 501 calida
320 441 484 501 secundum
507 441 740 519 Hippocratis
768 448 961 520 praeceptum
989 439 1086 501 denti-

65 529 124 590 bus
148 531 324 608 saepissime
347 530 533 608 profuerunt.

158 635 227 679 nam
251 625 281 678 et
303 617 472 679 dentifricia
500 617 573 679 haec
601 627 631 679 et
659 619 747 679 saluti
774 627 803 679 et
827 620 944 680 ornatui
967 612 1138 697 semper49

65 709 184 768 vitiosis
211 707 351 768 dentibus
379 707 565 786 profuerunt.
612 707 723 768 salibus
750 707 833 768 melli
861 710 1030 768 commixtis
1056 715 1086 768 et
1113 720 1126 761 ⁵

65 795 232 857 combustis
252 803 282 856 et
300 798 438 857 contritis
457 798 609 876 quippiam
632 815 752 858 murrae
771 797 957 858 miscendum
977 803 1032 877 est,
1056 803 1086 857 et

65 887 181 946 utimur
208 892 242 945 ut
268 887 362 945 moris
385 892 439 945 est.
484 885 541 946 hoc
565 892 595 946 et
617 888 757 946 mastices
780 886 878 965 pulvis
902 885 982 946 solus
1006 886 1084 946 iacit.

64 992 136 1035 nam
165 981 195 1034 et
222 972 306 1034 lanae
334 974 455 1035 sucidae
483 974 655 1035 combustae
683 974 799 1054 pulveri
826 977 946 1035 tertiam
970 981 1085 1053 partem

65 1062 175 1124 salium
208 1061 431 1124 combustorum
464 1065 705 1145 commiscemus,
738 1071 769 1124 et
795 1066 909 1124 utimur
936 1063 1084 1124 similiter.
1150 1133 1152 1136 ⁸

64 1158 134 1230 post
157 1169 228 1211 vero
246 1152 315 1211 vino
334 1154 366 1212 iu
386 1169 444 1230 quo
468 1153 528 1212 irin
551 1151 695 1231 illyricam
714 1153 879 1232 decoxeris,
902 1170 935 1212 os
955 1151 1085 1212 colluere
1100 1169 1125 1209 ro

65 1242 232 1301 conveniet.
279 1248 310 1301 et
336 1240 508 1320 tithymalus
535 1243 568 1301 in
595 1244 664 1301 vino
692 1242 834 1302 decoctus
861 1241 988 1301 multum
1015 1258 1084 1320 pro-

65 1329 154 1390 derit.
201 1330 228 1388 si
252 1347 288 1390 ex
310 1329 367 1390 hoc
389 1328 437 1389 his
460 1347 515 1409 per
538 1349 671 1390 mensem
690 1331 791 1410 tepido
812 1330 951 1390 collueris
970 1330 1085 1411 dentes,

64 1418 158 1478 iacies
183 1418 325 1479 candidos
349 1435 468 1498 semper
491 1426 521 1479 et
545 1421 609 1480 siue
632 1421 704 1480 vitio
729 1438 913 1498 permanere.

156 1508 289 1585 gingivas
307 1525 378 1567 vero
393 1506 529 1567 dolentes
549 1527 617 1568 cum
635 1511 893 1587 gargarismatium
912 1507 1084 1568 adhibueris

63 1614 101 1656 ex
130 1602 216 1656 aceto
243 1596 358 1676 tepido,
385 1598 417 1656 iu
443 1614 501 1674 quo
525 1596 634 1657 herbae
663 1597 849 1658 mercurialis
878 1598 1010 1658 radicem
1033 1597 1083 1656 de·
1099 1613 1125 1655 15

62 1687 193 1765 coxeris,
216 1686 282 1744 sine
305 1702 389 1745 mora
411 1684 571 1763 mitigabis.

139 1861 152 1907 1
174 1853 260 1908 aforis
279 1857 304 1924 h,
324 1856 353 1909 eb
370 1855 524 1910 forinsecus
542 1858 604 1912 rB:
623 1855 711 1911 fronti
731 1858 789 1914 cer.
862 1855 969 1927 profuit
984 1855 1083 1911 ceals

62 1924 181 1995 prodest
198 1926 253 1981 rB.
286 1927 331 1980 hic
348 1935 501 1996 sequenter
518 1929 550 1982 in
568 1928 593 1995 b,
612 1945 681 1997 puae
699 1934 820 1983 extrema
837 1929 869 1981 in
882 1929 911 1981 B
922 1928 979 1983 ces.
1004 1925 1084 1993 (Titi-

62 1995 173 2050 mslum
204 1995 235 2050 in
266 1995 333 2051 vino
365 1996 573 2061 decoctum
593 1998 756 2069 mitigabo),
789 2001 887 2055 danda
914 2000 1008 2053 alieno
1034 1999 1083 2050 ad·

62 2069 125 2123 dita
143 2066 296 2122 Cucurbite
315 2069 419 2123 sective
438 2086 520 2124 sucus
593 2072 655 2139 (per
672 2087 765 2126 cereus
778 2072 815 2139 8).
942 2074 957 2122 2
976 2066 1084 2136 Hippo-

62 2137 149 2193 cratis
169 2138 342 2221 (yppocratis
361 2143 419 2209 rB)
434 2143 518 2211 (aph.)
532 2141 597 2210 ΙΠ,
617 2145 671 2196 748
690 2142 768 2210 Lips.
784 2142 818 2208 cf.
840 2139 912 2194 Coss.
929 2142 1020 2208 1264,
1039 2142 1082 2193 14.

62 2214 78 2262 3
107 2209 275 2280 saepissime
295 2211 310 2264 b
329 2213 473 2281 (p.39‚2
497 2213 561 2282 inf.)
579 2210 678 2268 thiel:
706 2229 756 2267 om.
775 2213 811 2266 B.
920 2220 937 2264 4
964 2225 1032 2262 nem
1055 2210 1085 2263 et

61 2281 110 2336 rB
121 2281 196 2337 Gela
216 2283 246 2334 et
265 2283 288 2337 b.
362 2284 391 2336 et
409 2282 497 2336 saluti
516 2286 545 2337 et
563 2281 676 2338 ornatui
689 2283 819 2339 rBGel.:
838 2300 888 2337 οη.
905 2284 920 2336 h
935 2284 994 2351 (sbi
1012 2282 1041 2334 et
1056 2278 1082 2335 d.

60 2350 87 2408 h.
108 2351 244 2406 dentibus
269 2353 362 2407 sanis
381 2356 415 2408 et
436 2353 551 2409 viciosis
575 2370 686 2423 semper
706 2354 889 2424 profuerunt).
914 2355 979 2421 fort.
1001 2353 1082 2407 scrcb.

61 2422 140 2478 sanis
159 2438 271 2493 semper
288 2426 318 2478 et
335 2424 447 2480 vitiosis
467 2426 502 2495 d,
521 2427 563 2481 cel
581 2443 630 2481 om.
650 2424 769 2481 vitiosis.
897 2430 913 2477 6
931 2423 1016 2496 mirre
1034 2424 1083 2478 rB

61 2495 195 2562 (θέω-τι
210 2494 333 2566 σμύρνης
358 2497 447 2569 βραχύ
470 2515 511 2569 pr.
527 2515 557 2566 p.
573 2501 628 2552 356
651 2497 804 2564 cfi'Dt'oec
822 2515 851 2566 p.
867 2499 927 2567 81):
954 2494 1039 2549 mirae
1058 2495 1081 2550 b.

62 2564 219 2621 labimur:
238 2568 278 2622 sic
296 2568 344 2622 rB
354 2569 412 2623 Gal.
432 2567 530 2636 (uteris
549 2569 583 2635 h).
663 2567 791 2622 masticis
810 2569 902 2623 rGele
922 2565 1038 2636 (mastix
1056 2566 1083 2634 b)

60 2635 182 2690 marthis
200 2637 237 2692 B.
324 2638 400 2692 solus
418 2639 539 2694 rediet:
558 2637 645 2693 solius
664 2640 700 2694 B.
788 2639 987 2693 8combustae
1000 2637 1082 2692 er:

60 2724 111 2762 om.
133 2707 193 2763 oet.
303 2715 319 2763 9
339 2709 548 2764 combustorum
568 2710 669 2766 relat:
688 2728 738 2766 om.
758 2713 807 2766 Bb
826 2712 860 2779 cf.
879 2729 919 2782 pr.
961 2712 1046 2765 .357‚

60 2778 181 2834 utimur:
199 2781 240 2834 sic
258 2780 397 2837 erGcl.
467 2784 514 2834 '10
532 2780 588 2834 irin
606 2782 703 2837 Boot.
732 2781 838 2850 yrinh:
857 2779 1081 2851 iris('lirice)r.

60 2865 91 2903 os
115 2849 240 2904 colluere
258 2851 356 2907 ridel:
385 2852 492 2921 (vinum
507 2897 512 2908 .
525 2897 530 2907 .
543 2855 560 2922 .)
583 2869 647 2907 cum
669 2825 785 2922 pulvere
808 2854 844 2908 B.
873 2859 939 2922 post
961 2850 1082 2931 colluere

60 2922 175 2990 oportet
192 2923 225 2976 in
243 2923 258 2976 b
277 2931 429 2993 sequenter
446 2925 544 2978 addita
562 2925 656 2979 aliena
673 2923 711 2977 Et
729 2923 854 2994 caprifici
867 2923 950 2977 radix
967 2922 998 2975 iu
1015 2936 1082 2974 vmo

60 2992 181 3047 decocta
260 2995 288 3062 (5
298 2997 389 3064 coreb,
409 2996 585 3065 deindepost
611 2997 744 3050 insertans
774 2997 908 3051 dheodori
934 2993 1082 3048 membrum

59 3063 129 3132 (Hec
148 3062 245 3117 omnia
264 3079 317 3120 seo.
326 3067 495 3147 preceptum
512 3081 606 3147 ppocr.
622 3065 648 3121 d.
666 3083 686 3121 s.
706 3067 788 3136 prof.)
799 3071 950 3137 sequuntur
963 3064 1082 3186 pbpsicu

58 3135 140 3190 haec:
168 3133 267 3217 Inicus
289 3138 333 3190 uti
360 3153 417 3191 non
445 3136 562 3192 deutrat.
599 3136 724 3207 lapidem
751 3140 885 3208 gagatem
913 3134 950 3190 ad
978 3151 1009 3188 co
1022 3133 1082 3215 lum

145 3205 203 3260 nde
221 3221 248 3260 er
267 3213 314 3263 etc.
428 3215 465 3291 ‘11
485 3207 626 3262 titimulus
645 3211 714 3278 (etc.)
733 3211 775 3278 (nt
792 3226 880 3278 supra
897 3209 943 3277 47)
962 3207 1002 3261 B:
1021 3205 1082 3258 titr-

58 3277 496 3476 herespem
509 3275 1082 3431 istruna-cn·eratne

59 3435 171 3502 semper
185 3422 214 3502 et
232 3422 269 3475 rb
308 3422 353 3477 el:
373 3438 420 3476 eos
440 3438 549 3491 semper
566 3424 601 3493 B.
687 3428 728 3504 '14
751 3438 815 3475 cum
832 3422 1082 3503 gargansmahum

59 3490 516 3634 adinstantis
534 3494 840 3635 lngttlllithldl
855 3494 939 3623 ill
959 3491 1090 3620 atla.

892 3659 932 3715 4*
