2392 3922
385 180 625 235 simonianos
640 183 899 236 amomon.
1115 182 1157 246 79

125 344 195 405 tolie
223 344 330 407 mollia
358 348 431 409 trita
453 364 527 407 eum
551 345 663 408 salibus
686 352 716 407 et
739 350 882 427 apposita.
927 365 996 407 nam
1020 356 1050 408 et
1072 347 1156 408 scilla

123 434 217 495 cruda
240 436 318 495 trita
342 438 521 516 imponitur,
544 442 576 496 et
597 437 696 495 statim
719 442 812 496 curat

212 542 289 584 nam
302 532 336 585 et
349 525 398 585 his
413 542 537 604 semper
550 521 721 603 potionibus
735 523 909 584 liberantur.
936 524 1155 585 aristolochiam

120 612 302 694 rotundam,
335 615 524 693 gentianam,
560 630 693 673 murram
723 611 918 693 troglodytim
949 611 1037 673 bacas
1069 613 1154 675 lauri.

118 702 266 763 omnihus
292 704 396 763 tunsis
420 720 457 763 ex
481 719 578 780 aequo
596 708 627 761 et
645 699 807 762 cribellatis
824 701 979 780 pulverem
998 720 1067 762 cum
1085 704 1153 762 vino
1181 725 1195 766 a

117 800 143 849 et
163 790 269 851 calida
291 790 463 851 identidem
481 792 514 849 in
532 795 667 869 tempore
686 788 830 850 dabimus.
867 790 924 850 hoc
943 792 1032 850 etiam
1051 799 1153 851 contra

57 857 61 932 ἷ
115 888 238 941 ceteros
264 885 432 957 serpentes
455 880 506 939 usi
529 896 641 939 sumus.

206 967 310 1029 aliud.
348 969 467 1047 piperis
486 973 516 1027 et
534 969 689 1046 papaveris
708 968 876 1027 semuncias
895 966 1027 1045 singulas
1045 968 1153 1028 tundes

114 1068 141 1117 et
164 1054 369 1137 cribellabis‚
390 1074 429 1116 ex
451 1056 500 1115 lais
523 1073 616 1116 unum
639 1054 773 1115 cocleare
791 1072 860 1116 cum
878 1061 961 1115 aceto
981 1054 1108 1116 dabitur.

204 1152 238 1206 et
266 1144 349 1205 baca
377 1143 456 1205 lauri
483 1162 552 1205 cum
578 1149 663 1204 rutae
686 1143 767 1203 foliis
793 1142 939 1203 viridibus
969 1151 1056 1203 tunsa
1084 1161 1152 1204 cum
1166 1166 1193 1206 ro

112 1238 182 1295 rino
207 1242 267 1295 aut
295 1240 386 1294 aceto
409 1249 531 1311 semper
549 1232 643 1293 (latur.
684 1240 714 1293 et
736 1233 792 1291 iris
813 1231 945 1311 illyricae
968 1231 1065 1311 pulvis
1084 1250 1152 1292 cum

110 1326 179 1385 rino
203 1320 319 1383 calido
345 1320 495 1381 similiter.
540 1338 609 1381 nam
631 1326 662 1381 et
684 1321 793 1380 fraxini
815 1320 885 1380 lolia
909 1338 976 1380 cum
994 1323 1063 1379 vino
1082 1322 1152 1380 trita

106 1412 223 1473 donner
254 1410 361 1489 bene,
388 1416 420 1470 et
446 1416 548 1470 menta
574 1410 700 1487 agrestis
728 1426 797 1469 cum
824 1415 908 1469 aceto
935 1410 1059 1469 tritaet
1086 1409 1151 1469 loeo

104 1502 257 1581 imposita
286 1499 437 1559 continuo
460 1500 584 1576 mitigat.

198 1586 403 1667 generaliter
416 1586 556 1647 omnibus
575 1584 765 1665 serpentibus
784 1585 1009 1645 antifarmacum
1022 1603 1150 1663 quereus
1165 1609 1190 1649 1a

104 1678 175 1738 tolia
203 1685 265 1739 aut
295 1674 396 1754 thymi
418 1681 471 1736 aut
488 1675 716 1753 chamaepityos,
739 1680 790 1734 aut
808 1673 898 1733 alium
916 1676 948 1733 in
966 1675 1035 1733 vino
1055 1673 1149 1733 calido

101 1768 176 1835 (aut
193 1765 388 1827 dictamnus
402 1769 455 1824 aut
473 1760 655 1843 dracontia),
669 1761 717 1823 vel
731 1762 810 1838 quod
828 1779 972 1841 praesens
986 1764 1149 1822 necessitas

100 1855 258 1917 attulerit.
310 1854 417 1931 opium
440 1858 471 1912 et
493 1869 623 1912 murram
646 1858 727 1911 teres
751 1868 819 1910 cum
842 1849 908 1909 oleo
932 1868 1032 1930 roseo,
1060 1858 1089 1910 et
1112 1869 1149 1910 ex

172 2068 188 2114 1
208 2056 407 2130 suppositor:
426 2056 561 2126 imposita
570 2058 605 2112 B.
656 2055 842 2124 squillam...
857 2055 968 2125 iponito
983 2057 1007 2108 b.
1058 2059 1073 2105 2
1084 2060 1148 2122 post

100 2140 178 2187 ruat
201 2131 318 2185 aliem
337 2128 404 2183 add.
424 2129 518 2197 o(per
535 2133 552 2181 4
570 2130 680 2196 verus).
797 2130 813 2178 3
832 2125 989 2180 liberentur
1004 2125 1062 2179 rB:
1085 2139 1146 2192 per-

97 2208 244 2257 ·:nrantur
267 2202 299 2255 b.
378 2205 396 2251 4
413 2197 529 2251 mirram
539 2198 636 2267 (mirra
653 2217 677 2266 r,
695 2200 744 2252 obi
761 2199 861 2266 speeies
879 2199 911 2251 ie
929 2215 950 2251 c.
970 2198 1072 2251 recocto.
1092 2212 1146 2248 ooc-

97 2296 147 2329 ees.
176 2270 340 2327 troeliten
359 2270 429 2324 er
449 2270 510 2339 (ubi
528 2286 583 2323 ana
598 2275 662 2339 post
683 2266 816 2322 trooliten
839 2269 903 2322 add.
923 2269 988 2322 Bi.
1009 2284 1029 2321 e.
1055 2282 1146 2333 oeque

96 2362 249 2411 zemma,
274 2341 378 2412 qualis
395 2358 463 2395 esus
480 2346 519 2395 est
536 2342 593 2395 cod.
613 2342 637 2409 b,
656 2358 717 2395 eum
736 2344 826 2393 tameo
842 2344 971 2408 sequatur
989 2354 1023 2391 ex
1042 2353 1145 2405 aequo:

96 2446 123 2459 ν
141 2418 162 2471 1.
179 2413 328 2487 sinqulao
350 2412 414 2465 ado.
431 2413 466 2465 rb
480 2412 524 2480 (ef.
541 2412 624 2482 Phys.
640 2429 670 2481 p.
686 2416 722 2465 93
737 2410 776 2463 ed.
791 2409 880 2481 Arpi
919 2408 1079 2463 homnibus
1097 2415 1144 2464 etc.

96 2490 149 2543 rB:
171 2488 236 2541 hee
255 2484 351 2539 faeta
364 2480 480 2551 pulveri
498 2481 528 2535 in
542 2484 631 2536 aceto.
647 2484 697 2536 eut
715 2479 781 2533 vino
797 2479 827 2533 in
840 2483 965 2550 tompore
980 2479 1110 2532 dabimus
1121 2481 1144 2534 b.

93 2560 268 2629 pulverem:
299 2556 334 2609 et
358 2552 504 2623 pulverem
524 2571 552 2622 r,
576 2555 626 2606 eut
647 2552 792 2622 pulverem
809 2551 845 2605 B.
955 2550 1146 2603 6identidem

95 2632 149 2687 ‘B:
170 2648 232 2686 om.
260 2628 290 2681 b.
375 2626 518 2695 tceteros
536 2625 577 2678 B:
596 2626 705 2695 ceteras
725 2625 748 2677 b.
829 2620 1013 2689 (frequentius
1035 2623 1097 2675 odd.
1119 2624 1144 2690 b)

94 2704 130 2757 :ei
151 2714 271 2757 sumus
294 2696 352 2751 rb:
372 2693 417 2747 uti
434 2692 490 2748 nisi
508 2710 602 2747 snmus
621 2695 656 2748 B.
754 2695 770 2743 8
791 2691 870 2745 eliud
888 2693 929 2745 B:
948 2692 1018 2745 item
1036 2710 1059 2760 r,
1076 2708 1144 2745 nam

92 2790 114 2827 ες
142 2776 169 2829 b,
346 2764 521 2819 semunciam
552 2782 638 2818 unam
665 2765 704 2819 B:
739 2767 782 2818 an.
816 2762 960 2817 semuncia
983 2781 1007 2830 r,
1040 2772 1058 2818 t
1081 2764 1143 2832 (lis)

87 2850 166 2915 pense
188 2846 217 2899 b,
353 2835 452 2890 tundis
471 2837 501 2889 et
518 2835 650 2891 cribellas
668 2836 746 2889 er.
856 2841 925 2888 ilex
943 2834 1003 2888 rB:
1023 2835 1052 2886 et
1071 2834 1142 2886 exb.

91 2934 173 2971 :nam
196 2906 400 2967 coclearium
419 2905 533 2975 r(eocl'.
550 2907 569 2961 Ι.
590 2908 624 2975 b),
643 2906 769 2960 cocleare
789 2906 849 2975 (om.
864 2904 888 2974 Ι)
902 2905 937 2958 Β.
1027 2902 1143 2955 dubitur

90 2990 143 3045 ¹8:
166 2983 272 3041 debis
294 2982 324 3035 b.
396 2983 430 3031 10
450 2978 479 3030 et
492 2977 585 3046 (baca)
600 2977 660 3032 rB:
680 2994 730 3031 om.
745 2979 769 3031 b.
825 2992 848 3030 c.
867 2977 949 3028 rutae
967 2973 1043 3027 foliis
1064 2991 1077 3025 r
1091 2973 1141 3051 (ωε

89 3082 96 3113 :
124 3058 212 3114 foliis
237 3054 341 3109 rutae
359 3048 399 3103 B.
472 3047 611 3102 viridibus
631 3049 690 3103 rB:
708 3046 889 3101 viridioribus
909 3048 932 3101 b.
997 3060 1061 3096 cum
1074 3056 1140 3094 vmo

91 3134 167 3185 {etur
187 3126 248 3184 vel
271 3122 368 3178 aceto
390 3120 413 3174 b.
488 3124 520 3171 12
538 3136 606 3172 nam
624 3119 653 3172 et
672 3119 731 3174 rB:
751 3136 801 3173 oen.
821 3119 845 3173 b.
906 3117 1009 3169 dantur
1027 3113 1139 3165 bener:

87 3200 207 3259 aiendi
232 3194 361 3252 dantur
376 3190 414 3257 B,
434 3188 453 3241 b
467 3191 528 3248 ÷b
547 3191 606 3258 (ubl
624 3206 675 3258 seq.
695 3191 789 3244 alieno
803 3206 855 3258 per
872 3206 896 3242 c.
913 3190 949 3255 4).
1059 3186 1092 3233 13
1112 3182 1140 3233 et

90 3276 161 3329 1321„
183 3275 216 3339 1,)
241 3281 347 3337 usque
367 3262 409 3315 ad
425 3260 507 3327 finem
525 3278 584 3330 cop.
604 3262 703 3315 habent
721 3262 770 3327 cb,
788 3277 845 3314 noae
864 3258 899 3311 B.
1020 3258 1053 3303 1¹3
1073 3254 1139 3304 ante

82 3348 173 3401 {ma
189 3348 213 3401 ῑτ
230 3360 259 3409 r,
283 3340 332 3392 asi
352 3332 504 3386 formaeon
517 3332 540 3385 b.
597 3329 720 3395 Quercus
739 3332 767 3385 b:
787 3344 904 3397 cerquus
922 3343 945 3379 r.
1002 3330 1034 3375 16
1049 3338 1139 3402 came

84 3420 151 3475 sithi
174 3438 191 3473 r
224 3402 398 3477 canapitis
416 3403 441 3456 b.
514 3403 564 3455 nul
582 3400 647 3455 alei
665 3401 696 3454 in
709 3401 794 3454 humo
809 3398 902 3453 calido
918 3414 943 3450 r:
964 3396 1014 3447 out
1033 3392 1139 3447 aihum.

84 3478 124 3545 {u
140 3462 368 3561 djp'tamnum.
394 3474 447 3526 aut
461 3471 616 3541 drogontea
633 3475 656 3526 b.
732 3478 763 3525 17
783 3470 829 3523 vel
844 3471 872 3524 b:
892 3484 942 3522 one.
963 3483 984 3519 r.
1058 3470 1091 3517 18
1111 3466 1140 3517 et

83 3580 168 3617 :hm
189 3557 274 3616 teris
302 3570 335 3605 ΓΞ
361 3547 397 3599 et
416 3541 566 3597 minantes
585 3545 608 3597 b.
