2392 3922
411 185 462 238 na
475 185 632 237 ‘rasicae
650 187 767 239 varus.
1041 185 1106 250 265

88 347 212 409 iliorum
233 348 281 414 vel
304 350 395 410 etiam
418 367 525 410 renum
547 367 645 429 panno
665 350 786 412 inducto
810 357 956 433 contegat,
979 359 1009 412 et
1032 352 1107 412 lanis

88 438 333 517 superimpositis
356 437 505 498 fascietur,
542 436 699 500 miraberis
722 438 780 500 hoc
798 457 892 518 genus
911 458 1008 502 curae.
1031 442 1107 502 hanc

88 533 206 605 partem
227 544 284 606 ego
307 525 345 586 de
369 528 573 605 experimento
596 529 691 606 posui.

178 633 249 676 cum
262 621 362 676 autem
381 613 574 676 declinaverit
592 614 686 696 dolor,
704 622 776 676 tune
794 618 932 696 potiones
947 617 1107 680 diuretieas

88 703 188 783 dabis,
216 711 351 782 ternpore
379 711 526 783 oportuno
553 703 610 764 hoc
633 711 679 764 est
707 722 765 783 quo
795 704 880 766 dolor
903 704 1034 766 desierit
1079 709 1107 767 si
1134 719 1147 758 ὁ

89 800 189 854 autem
203 791 289 852 dolor
308 794 470 852 cessaverit
488 800 519 852 et
533 794 621 853 urina
640 799 742 853 secuta
760 811 820 853 non
838 793 938 875 luerit,
956 802 1106 873 postremo

88 880 259 942 iniciendus
282 887 329 940 est
350 899 406 958 per
428 887 579 940 veretrum
604 880 763 942 cathetere.
808 880 908 942 oleum
930 884 1036 943 inicies
1060 902 1107 943 ca-

88 968 192 1029 lidum

179 1055 219 1116 Ut
246 1062 346 1116 autem
373 1063 433 1116 tam
461 1057 634 1116 saevissimu
665 1058 766 1135 passio
798 1059 891 1117 averti
923 1066 953 1117 et
985 1055 1137 1118 solidari4

59 1146 199 1225 possit,
232 1162 304 1205 cura
337 1143 542 1204 ordinabiliter
569 1143 737 1205 adhibenda
765 1151 810 1205 est
837 1146 886 1205 ita.
936 1147 963 1205 is
989 1147 1106 1224 patiens
1120 1161 1146 1200 1o

91 1232 230 1294 cubiculo
255 1231 350 1292 calido
378 1239 409 1293 et
432 1250 500 1292 aere
527 1239 691 1312 temperato
718 1235 816 1293 iacere
845 1232 977 1314 debebit,
1005 1233 1106 1294 obser-

91 1340 160 1383 vare
187 1320 400 1390 abstinentiam
427 1320 487 1381 eibi
514 1327 545 1381 et
571 1328 605 1381 ut
632 1323 751 1399 quietus
779 1323 819 1381 sit
848 1328 878 1381 et
904 1320 940 1381 ab
969 1322 1106 1383 omnibus

92 1408 345 1470 sollicitudinibus
368 1427 501 1489 securus,
524 1427 667 1470 avenere
691 1409 852 1470 abstinens.
897 1412 994 1489 primo
1018 1429 1106 1472 renes

90 1500 251 1559 fomentari
283 1497 405 1579 debent,
442 1499 494 1576 qui
525 1516 562 1558 ex
594 1499 815 1577 propinquitate
850 1500 978 1560 iniuriae
1010 1501 1105 1560 maius

89 1589 229 1648 nutriunt
251 1592 443 1667 tormentum,
466 1585 532 1646 oleo
556 1585 636 1647 dulci
659 1589 778 1647 anetino
797 1586 892 1648 calido
912 1587 1029 1649 coactili
1050 1591 1104 1648 im·
1121 1604 1145 1643 1⁵

88 1678 186 1754 posito
206 1681 346 1736 contexto
364 1674 530 1735 seeundum
548 1671 820 1755 mudum'spaerae‚
840 1675 940 1737 triduo
960 1676 1105 1738 certesei

90 1763 195 1825 diebm
215 1765 358 1843 quinque,
382 1765 423 1823 ita
441 1769 476 1824 ut
493 1765 525 1823 in
544 1762 601 1824 olla
619 1766 732 1824 maiore
751 1763 878 1825 calefiat·
908 1783 946 1825 ne
965 1767 1106 1826 virtutem

89 1855 205 1913 amittat
223 1854 256 1912 in
274 1850 368 1912 calida
387 1852 454 1912 fieri
473 1854 618 1912 convenit.
651 1860 719 1931 post
738 1850 844 1914 deinde
863 1871 923 1914 uno
943 1853 991 1913 die
1012 1855 1104 1913 inter·

161 2116 175 2163 1
194 2127 290 2180 penno
308 2129 336 2166 r:
354 2126 427 2180 pone
445 2109 593 2181 petio(so'c)
609 2112 632 2166 b.
696 2109 843 2165 inductum
852 2112 928 2179 (-1'1)
945 2112 989 2165 rb.
1040 2126 1105 2164 eon-

87 2183 176 2251 teget.
197 2180 309 2235 eblone
328 2180 543 2251 superinpositis
562 2180 581 2235 f.
600 2199 628 2236 r:
648 2180 735 2235 etiem
756 2181 832 2234 letus
855 2181 987 2251 contegat
1010 2197 1104 2250 super-

87 2251 212 2320 positum
227 2254 256 2304 et
270 2251 310 2306 sic
324 2251 458 2306 fascietur
469 2254 492 2306 b.
511 2254 556 2306 bic
569 2259 719 2322 sequuntur
733 2254 765 2307 in
779 2253 794 2307 b
807 2253 1003 2306 oredieomnto
1015 2255 1105 2319 oeno,

88 2339 204 2391 quarm
218 2325 317 2392 priora
335 2340 369 2377 ec
387 2340 454 2392 seqq.
474 2330 611 2392 excerpto,
627 2323 715 2392 plura
733 2324 845 2377 aliunde
867 2328 993 2393 cooperta
1011 2324 1105 2393 (usque

87 2395 125 2446 od
147 2394 232 2448 imam
251 2411 317 2464 pop.
334 2399 390 2448 129
408 2399 465 2449 nd
487 2400 551 2448 autc
569 2395 639 2463 fin),
656 2395 754 2449 miodo
776 2394 813 2448 od
835 2394 977 2449 Prusiani
1001 2401 1104 2450 testum

89 2465 159 2517 redit
174 2482 226 2533 per
244 2465 355 2519 ultimos
373 2471 482 2519 tantum
499 2469 518 2517 8
536 2467 654 2533 capituli
671 2481 762 2520 versus
782 2468 818 2532 (o.
833 2468 890 2532 10).
1016 2471 1031 2518 2
1051 2465 1105 2520 hoe

87 2550 190 2602 genere
209 2550 293 2588 curce
310 2537 315 2603 Ι
330 2537 449 2604 anperte
469 2536 528 2604 (sic)
547 2551 599 2605 ego
619 2535 653 2588 de
672 2541 719 2590 etc.
738 2554 754 2590 r
772 2537 835 2605 (ubi
853 2538 1036 2606 expectaveris
1053 2537 1105 2591 mi-

87 2603 384 2675 raberis-effectum).
457 2605 644 2660 4dioretices
662 2624 685 2661 r.
745 2607 820 2675 quod
837 2609 877 2676 (q)
895 2626 918 2663 r.
993 2610 1104 2662 leata-

87 2678 146 2729 tere
161 2695 184 2731 r.
259 2681 274 2729 9
296 2677 376 2732 binc
389 2693 507 2732 otonem
521 2677 747 2747 fragmentum
760 2679 869 2734 occidor
882 2680 1013 2750 subiunpi
1023 2680 1104 2748 (qood

87 2763 172 2816 usque
190 2749 228 2801 od
245 2748 327 2814 finem
340 2749 480 2817 pertinet).
553 2753 586 2801 10
604 2747 694 2801 Itahis
711 2766 738 2819 p.
754 2750 813 2819 (eie)
832 2767 854 2803 r.
916 2756 947 2803 11
969 2748 1104 2804 Cubiculo

86 2825 112 2871 et
130 2834 200 2887 seqq.
219 2819 299 2873 babet
316 2820 398 2873 etiam
417 2820 433 2873 b
449 2820 492 2885 (iu
509 2819 563 2886 fine
582 2823 664 2888 cop).
750 2824 783 2872 12
803 2819 860 2874 cibi
878 2821 939 2874 eta
956 2835 1057 2873 venera
1076 2821 1106 2872 et

88 2888 124 2942 ab
136 2888 212 2942 omni
224 2888 415 2943 sollieitudine
425 2905 539 2943 securus
548 2892 722 2959 permaneat.
732 2890 824 2944 Renes
833 2897 880 2945 etc.
891 2891 915 2944 b.
973 2896 1005 2943 13
1012 2888 1104 2956 primo

87 2975 137 3012 orn.
159 2961 182 3014 b.
237 2966 269 3012 14
288 2976 360 3028 quaa
380 2976 414 3014 ex
432 2977 473 3030 pr.
488 2978 524 3014 m.
543 2960 649 3015 maiore
667 2979 695 3015 n.
714 2962 734 3016 i.
753 2979 777 3028 r,
799 2960 847 3029 qui
865 2959 956 3013 maius
975 2957 1104 3011 nutriunt

86 3031 259 3084 tormentum
280 3032 303 3085 b.
377 3035 411 3084 15
430 3033 459 3085 et
476 3033 572 3102 (anet.)
591 3033 655 3087 add.
672 3033 695 3085 b.
767 3029 883 3099 quattili
901 3047 927 3084 r:
947 3027 1068 3096 aquatili
1088 3031 1103 3081 b

86 3121 136 3198 qtae·
153 3120 194 3172 sic
208 3121 301 3200 perpet
318 3118 412 3189 posito
430 3107 489 3172 trid
506 3118 553 3173 vel
572 3119 612 3198 V.
633 3117 741 3172 diebus.
765 3119 797 3198 ut
815 3116 927 3240 mecona
948 3113 1055 3238 mptiotra
1073 3114 1104 3167 in

87 3186 1104 3340 aalaidis'lectitassentcontremunt

86 3346 167 3399 spera
181 3337 207 3385 et
220 3332 279 3385 iod.
294 3348 316 3386 s.
331 3279 500 3453 spbeerulap.
558 3328 652 3382 triduo
665 3344 723 3382 corn⁴
737 3335 801 3383 aute
815 3327 945 3410 contexto
960 3326 1066 3380 eobobet
1079 3342 1102 3379 r.

89 3407 120 3455 17
140 3400 262 3455 maiores
281 3419 304 3456 r.
398 3407 431 3456 18
446 3418 479 3456 ce
492 3401 528 3453 da
546 3418 562 3454 r
575 3401 650 3468 (icccc
663 3399 848 3466 ceroptata
865 3413 949 3452 urmes
962 3401 1105 3451 eontracta
1148 3440 1155 3465 2

87 3473 182 3527 -vult
207 3474 280 3526 euim
307 3474 339 3525 io
361 3474 416 3528 olla
443 3473 560 3540 tercenti
583 3471 689 3550 calidae
719 3471 853 3525 conmitti
879 3469 968 3523 oleum
995 3469 1027 3523 de
1050 3480 1105 3539 pue

86 3543 189 3611 soc-eoa,
206 3549 239 3598 ot
260 3541 370 3598 Cassius
384 3561 415 3613 p.
431 3549 476 3612 98,
496 3543 548 3610 16).
605 3540 707 3595 demde
726 3556 776 3596 om.
791 3542 816 3597 b.
