2392 3922
42 175 110 240 140
357 175 548 229 runononr
565 176 746 228 Pmseraur
1093 130 1105 207 'l

43 345 70 404 si
97 362 166 404 vero
199 344 293 403 maior
324 345 369 402 vis
401 343 519 421 vaporis
553 341 706 420 frigidiora
738 343 872 420 exegerit
892 341 1062 424 adiutoria,
1101 320 1106 431 ἶ

42 431 270 511 superaddimus
299 431 419 492 oxelaeo
450 437 500 490 aut
526 429 667 510 polygoni
694 447 799 490 sucum
821 437 871 490 aut
894 431 1060 510 arnoglossi
1100 428 1106 449 ²

42 527 92 581 aut
110 519 280 599 portulacae
300 527 351 580 aut
373 537 496 580 uvarum
517 521 742 580 inmaturamm.
779 520 935 598 quiescere
962 527 1060 580 autem
1102 498 1106 575 l

41 607 194 669 debebunt
211 607 285 669 locis
300 608 426 689 frigidis,
446 627 573 687 quorum
591 607 769 686 pavimentis
788 607 954 687 spargenda
973 617 1061 670 erunt
1103 598 1106 628 ¹

14 697 111 757 afolia
138 697 243 757 viridia
272 704 323 758 aut
350 697 419 758 rubi
446 704 496 757 aut
522 703 639 758 murtae
672 702 723 757 aut
753 695 895 777 hederae,
928 714 1003 775 quae
1031 704 1061 758 et
1103 686 1106 717 ³

41 804 130 864 grave
149 785 259 845 olentia
277 804 338 846 non
357 789 417 846 sint
436 793 466 846 et
485 791 688 864 competenter
706 785 880 863 infrigidare
902 785 1058 846 sufficiant.

12 877 29 941 1
132 877 158 934 si
187 891 258 934 vero
291 875 327 935 de
361 875 470 953 frigore
503 881 591 953 eaput
621 874 713 934 fuerit
744 875 957 955 inquietatum,
988 881 1061 934 tune
1104 886 1106 959 j

42 963 168 1042 gravedo
197 963 343 1042 quaedam
369 982 436 1024 cum
465 971 585 1042 torpore
613 980 757 1022 venarum
785 970 815 1022 et
842 963 1059 1042 interceptione

42 1053 197 1132 contingit,
219 1059 291 1112 tunc
310 1053 416 1112 effusio
435 1052 636 1132 lacrimarum,
658 1058 730 1111 tunc
749 1049 815 1110 falsi
840 1053 939 1110 somni
958 1069 1061 1130 graves

4 1161 30 1202 ιο
45 1148 76 1202 et
97 1143 235 1200 insuaves
259 1141 400 1201 existunt.

130 1228 185 1289 hos
209 1231 328 1288 anetino
352 1229 417 1289 oleo
440 1228 487 1289 vel
513 1235 611 1289 rutato
640 1227 734 1288 calido
762 1229 921 1288 conveniet
946 1227 1060 1288 fomen-

42 1319 114 1398 tari,
137 1324 166 1378 et
190 1319 216 1376 si
239 1317 400 1396 superaddi
428 1317 539 1396 aliquid
568 1316 715 1377 adiutorio
739 1314 848 1377 debere
879 1315 987 1376 caloris
1011 1317 1060 1377 ad·

41 1407 182 1486 verteris,
206 1414 257 1466 aut
279 1408 406 1484 agrestis
435 1407 603 1466 cucumeris
631 1406 715 1465 radix
744 1412 794 1464 aut
821 1404 992 1465 euforbium
1015 1404 1060 1465 vel

43 1501 124 1554 certe
157 1501 324 1554 castoreum
358 1493 617 1573 superaddendum
650 1501 703 1554 est.
753 1511 823 1552 nam
850 1501 881 1553 et
909 1493 1060 1554 laurinum

1 1601 28 1642 ra
42 1581 142 1643 oleum
164 1582 211 1643 vel
234 1585 345 1643 irinum
364 1582 410 1643 vel
428 1582 598 1661 gleucinum
622 1581 763 1642 similiter
785 1582 987 1642 adhibendum
1006 1590 1060 1642 est.

11 1674 31 1737 2
132 1671 241 1750 quibus
264 1678 362 1731 autem
390 1671 576 1731 exhalatione
604 1671 794 1751 inferiorum,
822 1689 912 1749 quam
939 1670 1060 1750 anathy-

42 1761 150 1820 miasin
183 1759 381 1840 appellamus,
418 1767 506 1838 caput
542 1759 634 1819 fuerit
666 1758 872 1840 sollicitatum,
906 1766 979 1820 tunc
1010 1759 1060 1819 ille

42 1846 127 1908 dolor
145 1866 199 1927 per
217 1848 371 1908 intervalla
390 1849 564 1909 subcutiens
588 1866 655 1908 cum
676 1847 753 1908 saltu
772 1847 899 1926 quodam
917 1865 1060 1908 venarum

42 1943 131 2016 caput
155 1936 302 1997 sollicitat.
343 1944 414 1998 tunc
439 1955 527 2016 quam
550 1939 678 1996 maxime
701 1938 874 2017 vertigines,
896 1943 969 1996 tunc
991 1953 1060 1997 ocu-

5 2053 23 2077 ti
41 2024 138 2085 lorum
167 2024 364 2086 obscuritates
392 2033 561 2106 emergunt,
589 2023 730 2104 querellis
758 2031 888 2084 attamen
911 2024 1060 2103 aliquibus

41 2113 230 2192 pulsantibus
254 2116 344 2174 etiam
368 2122 398 2175 et
420 2114 664 2194 praecordiorum
688 2112 760 2173 loca.

115 2341 129 2388 1
149 2355 168 2391 a
184 2353 247 2392 voce
264 2335 413 2406 frigidiora
427 2354 481 2406 pro
496 2338 694 2406 louqebardr'cu
711 2337 813 2405 incipit
831 2337 958 2406 vulgaris
974 2338 1061 2406 serip-

41 2412 108 2462 tura
125 2409 158 2461 iu
175 2425 190 2462 r
208 2409 341 2476 (errorum
356 2409 460 2477 plena).
533 2413 549 2460 2
569 2407 666 2461 exoleo
684 2425 714 2478 9,
734 2405 826 2460 oxileo
841 2408 856 2460 b
871 2409 919 2478 (τῷ
938 2405 997 2472 ὄξει
1013 2409 1060 2462 Pe.

43 2477 106 2533 (aar.
126 2478 144 2532 l.
159 2480 206 2547 c.):
226 2477 288 2533 aizo
306 2497 329 2546 r,
349 2477 442 2532 oleum
462 2477 561 2531 aizoon
582 2478 649 2533 Gar.
669 2481 714 2547 (ef.
735 2478 799 2533 Gal.
815 2479 893 2545 XII,
911 2480 975 2532 508.
996 2479 1057 2533 Aet.

42 2548 352 2618 6‚4s),auxili0(1)13.
429 2547 568 2620 poligonii
586 2549 622 2604 B.
704 2547 876 2618 3p0rtulae.
893 2550 898 2617 Ι
914 2550 951 2617 (si
964 2551 974 2617 )
988 2549 1024 2602 B.

41 2626 59 2673 4
77 2619 223 2674 debebunt
240 2621 318 2676 er:
338 2619 443 2674 debent
459 2637 485 2690 9.
593 2627 608 2673 5
629 2622 679 2674 aut
697 2619 780 2691 mitte
798 2621 889 2688 r(aut
906 2618 991 2673 mirte
1010 2621 1061 2672 aut

41 2691 124 2744 ruthe
142 2692 181 2759 b):
201 2707 251 2745 om.
271 2692 328 2761 Β9,
406 2696 422 2743 6
442 2693 471 2743 et
485 2689 577 2761 (gravi
595 2691 708 2759 quidem
728 2689 836 2744 olentia
853 2708 881 2759 r,
900 2689 982 2759 gravi
1000 2689 1060 2743 rio·

41 2759 131 2815 lentio
149 2764 189 2832 p):
208 2778 259 2816 om.
278 2762 313 2814 B.
370 2767 384 2814 7
404 2761 509 2833 frigore
527 2780 558 2833 9ε
577 2761 702 2833 frigdore
720 2762 792 2817 er.
849 2767 865 2815 8
883 2763 996 2830 torpore
1010 2762 1059 2815 rb:

40 2831 154 2886 turbore
173 2833 202 2886 B
215 2833 260 2901 (cf.
279 2833 359 2899 iufra
373 2835 445 2901 114),
465 2831 561 2886 dolore
579 2851 605 2904 9,
727 2837 743 2884 9
763 2851 783 2888 e.
804 2835 833 2886 et
850 2847 951 2902 graves
971 2833 1000 2884 et
1018 2830 1061 2883 in-

42 2919 142 2958 suaves
161 2905 185 2970 b,
205 2920 226 2958 s.
241 2902 374 2972 gravel'p
394 2905 422 2956 et
440 2903 605 2973 insuavelils
623 2907 676 2974 r(p
692 2903 783 2972 Gar.):
803 2920 824 2957 s.
843 2917 945 2973 graves
962 2902 999 2957 B.

42 2979 147 3028 11-15
166 3001 200 3020 =
215 2973 261 3029 Pa.
283 2973 345 3029 Gal.
365 2992 425 3043 sup.
445 2977 501 3043 Ι,1
517 2993 547 3044 p.
563 2979 625 3029 316.
728 2979 760 3026 11
779 2975 888 3028 rotato:
907 2975 948 3028 sie
965 2973 1059 3044 erp.

43 3050 75 3098 12
95 3046 124 3099 et
143 3045 167 3098 si
184 3045 226 3100 B:
245 3046 274 3098 et
292 3043 332 3096 sic
350 3062 376 3114 9,
396 3047 425 3098 et
442 3045 487 3100 his
505 3047 575 3114 r(et
593 3047 627 3115 b).
773 3047 805 3096 15
825 3043 990 3112 gleucinum
1009 3046 1060 3112 (ita

41 3118 154 3186 semper)
171 3116 291 3186 erw).
401 3119 456 3172 est:
477 3117 531 3170 erit
547 3134 573 3187 9,
669 3120 703 3168 16
722 3113 848 3182 anathi(e
863 3114 994 3184 rlmiasin
1012 3115 1060 3169 rB

42 3188 80 3254 (q.
98 3185 202 3242 medici
221 3183 378 3240 anatomiss
399 3186 546 3256 appellant
564 3188 597 3255 b).
670 3185 860 3253 inquietatum
878 3187 943 3254 (tie)
962 3188 986 3240 b.

45 3263 77 3311 18
97 3255 258 3312 subcutiens
276 3257 339 3328 Rq:
359 3257 554 3326 succumbens
573 3258 643 3327 τῳ).
750 3261 782 3309 19
802 3254 939 3309 sollicitat
956 3257 1060 3327 erpz

41 3327 185 3396 inquietat
202 3329 266 3399 (bie)
280 3329 405 3396 praefert
425 3329 491 3383 Gar.
616 3332 650 3380 20
670 3329 745 3396 (poet
763 3328 919 3396 emergunt)
939 3327 989 3381 sad
1008 3328 1060 3380 hee

42 3398 204 3453 occideritis
220 3399 285 3468 post
303 3397 381 3453 eibos
400 3414 486 3466 quam
503 3397 625 3451 maxime
645 3397 755 3451 evenire
770 3399 940 3451 consuerunt
951 3399 1060 3466 (-sue·

41 3468 85 3524 vit
103 3472 128 3539 r)
146 3472 193 3526 rb.
298 3468 419 3538 querelis
437 3469 614 3539 qu(Gar.):
635 3467 722 3538 signis
741 3470 765 3522 b.
856 3474 890 3521 21
910 3467 998 3522 etiam
1017 3471 1059 3524 et:

42 3539 130 3594 etiam
149 3557 184 3595 ea
201 3541 237 3610 Β,
257 3540 345 3596 etiam
364 3540 463 3593 eadem
480 3557 496 3594 r
510 3541 571 3607 (om.
588 3539 704 3611 ptiar).
