2392 3922
123 170 189 236 358
482 168 567 221 suu.
585 167 774 221 umanum.

123 329 171 385 Au
176 334 202 395 1,
208 330 243 382 17
250 328 309 395 (54)
317 332 380 395 post
390 325 563 396 depurgetur
570 326 637 381 icccc
644 325 724 381 tatu
732 326 858 393 solome
863 324 941 381 Med.
947 324 1042 382 Plinii
1050 325 1075 392 I,
1084 327 1135 392 29).

452 405 538 461 Item
556 405 598 459 ed
615 403 706 459 vitia
724 404 802 459 cris.

196 485 344 555 Sepiarum
362 501 426 538 ossa
439 484 470 538 in
488 485 612 540 cinerem
624 484 741 540 redacta
749 483 812 538 'oris
829 500 949 554 aspersa
962 484 1039 541 vitia
1052 501 1136 540 emen-

125 567 202 621 dant.
231 565 301 619 item
328 564 487 620 coclearum
514 580 669 619 vacuarum
695 563 767 619 cinis
794 580 861 618 cum
886 581 984 620 murra
1007 565 1093 620 tritus
1114 567 1137 619 et

96 661 256 714 respersus
274 644 348 699 vitiu
366 643 422 698 oris
442 644 583 699 emendet.
602 644 673 698 item
691 637 800 714 siuapii
812 659 909 699 semen
922 643 985 700 sive
1003 645 1097 700 rafuni
1109 662 1138 700 ei

124 724 192 779 vino
211 725 359 779 decoctum
376 740 433 778 uno
452 723 538 778 obulo
557 726 670 778 tentum
687 723 828 779 emendat.
854 722 926 778 item
943 723 1036 779 herba
1055 724 1138 794 cyclu-

125 804 210 858 minis
229 804 299 858 trite
317 803 452 858 trociscos
470 802 558 858 facies
578 802 719 871 aequales.
739 820 803 857 cum
818 818 888 872 opus
902 802 992 859 fuerit
1011 822 1048 860 ex
1065 807 1137 860 aceto

126 885 164 938 ed
182 883 400 939 crassitudinem
417 882 510 937 mellis
529 881 651 937 inlinito.

554 1048 714 1057 ——-—-

269 1168 355 1236 Aul,
370 1171 408 1222 23
423 1169 484 1236 (73)
504 1166 550 1220 De
568 1164 647 1236 igne
667 1182 765 1220 sacro
784 1168 859 1236 (post
878 1167 1004 1238 variare)

86 1263 113 1302 ro
380 1249 413 1301 in
430 1249 487 1303 cod.
506 1246 594 1301 Barb.
613 1247 669 1302 solo
689 1248 758 1314 (uuo
775 1249 808 1302 iu
826 1247 884 1316 bc).

198 1327 335 1381 Radicem
359 1325 443 1380 ibisci
466 1343 530 1380 cum
556 1324 624 1394 palo
651 1325 747 1396 ligneo
769 1325 876 1380 fossum
898 1327 985 1396 coqui
1010 1327 1098 1383 facies
1114 1327 1140 1380 in

126 1423 193 1461 vese
221 1405 304 1460 fictili
331 1421 418 1474 novo,
447 1407 583 1459 contusae
610 1405 735 1458 indues
760 1402 899 1476 (partes)
922 1405 1033 1461 adicies
1064 1423 1141 1461 unum

127 1483 268 1554 axungiae
286 1483 399 1553 veteris,
419 1501 565 1553 quousque
579 1483 610 1538 in
624 1485 740 1539 modum
752 1484 936 1554 mulsgmetis
956 1488 1139 1542 convertatur.

126 1567 155 1619 ct
173 1562 322 1617 inductum
339 1562 370 1616 in
388 1562 537 1618 linteolum
558 1564 608 1618 ubi
625 1565 816 1620 necessarium
834 1564 922 1619 fuerit
939 1564 1057 1636 ligabis.

87 1653 113 1695 ru
198 1643 270 1697 Item
297 1643 331 1696 de
354 1642 414 1697 ficis
441 1643 557 1697 ficetum
589 1644 744 1699 contritum
765 1644 797 1698 in
824 1644 940 1698 modum
963 1645 1140 1716 malagmatis

127 1721 323 1778 medicaminis
341 1722 452 1777 inducis
471 1722 502 1776 in
524 1721 676 1778 linteolum
693 1723 764 1795 (et)
782 1724 834 1779 ubi
850 1725 1046 1781 necessarium
1063 1726 1141 1781 fuerit

127 1801 240 1874 ligabis.

199 1883 270 1938 item
288 1899 403 1954 spumae
423 1881 535 1954 argenti
552 1895 589 1942 ÷
601 1884 637 1952 Π,
657 1883 799 1955 sulphuris
817 1884 878 1939 vivi
891 1897 928 1946 ÷
941 1885 964 1955 Ι,
983 1886 1056 1942 nitri
1074 1899 1107 1946 ÷
1123 1886 1141 1953 L

129 1962 186 2018 olei
203 1964 277 2018 rosei
296 1965 326 2018 et
343 1979 424 2018 cerae
443 1964 582 2031 quantum
600 1963 713 2019 sufficit.
733 1963 840 2034 species
859 1964 1070 2034 suprascriptas
1085 1982 1142 2019 cum

88 2055 114 2094 ao
128 2045 209 2097 aceto
228 2046 309 2098 teres.

348 2220 396 2274 Ad
409 2221 452 2288 II,
467 2224 485 2274 9
499 2223 546 2288 (29
563 2221 611 2287 tiu.
627 2226 691 2289 post
709 2218 928 2294 compendiosa).

199 2301 272 2354 Item
290 2299 388 2353 aliud
406 2300 449 2352 ud
467 2299 580 2354 colum
594 2300 634 2354 de
649 2298 904 2369 experimentis.
923 2302 1014 2353 testas
1030 2316 1141 2356 ovorum

128 2380 204 2433 unde
222 2379 294 2448 pulli
313 2379 500 2433 excluduntur
519 2380 664 2433 combures
684 2381 713 2433 et
731 2378 819 2433 facies
837 2378 993 2448 pulverem.
1013 2383 1043 2434 et
1058 2395 1142 2450 grana

128 2457 233 2526 piperis
244 2458 368 2526 quinque
375 2461 456 2512 teres.
467 2457 538 2512 heec
546 2458 644 2527 eequis
650 2457 970 2528 ponderibuspensabis,
976 2460 1142 2514 tantundem

200 2674 216 2722 3
236 2671 265 2722 et
283 2668 325 2721 ori
343 2668 471 2738 inspersa
485 2670 518 2725 P.
574 2671 803 2740 emendatr(P).
858 2675 877 2724 4
895 2669 1078 2724 coccliurium
1092 2688 1143 2726 ur

129 2739 250 2811 (cocleae
269 2755 376 2794 vacuae
395 2740 440 2807 P).
538 2741 645 2797 cineres
665 2761 687 2798 c.
707 2761 743 2798 m.
762 2743 837 2796 teres
856 2744 886 2796 et
904 2758 1020 2812 sparges
1040 2741 1074 2797 P.

129 2810 264 2881 tsenepi
281 2829 304 2865 r.
378 2810 492 2866 tubuli
510 2812 593 2867 unius
612 2816 736 2884 pondere
756 2814 855 2867 datum
872 2814 905 2868 P.
994 2813 1142 2884 lequales

129 2900 180 2938 cm.
200 2883 233 2950 P,
256 2884 305 2953 qui
318 2884 412 2954 perpit
429 2885 459 2937 et
477 2899 512 2938 ex
529 2883 574 2939 his
593 2902 657 2939 cum
675 2902 745 2955 opus
764 2887 815 2940 est.
947 2887 963 2937 8
982 2882 1100 2938 inlinitr'i
1118 2902 1143 2937 r:

129 2954 236 3008 illitum
253 2953 381 3024 reprimit
400 2956 429 3010 et
448 2957 531 3010 sanat
545 2956 573 3009 P
590 2959 725 3026 (sequitur
741 2959 774 3012 iu
790 2973 807 3010 r
824 2972 845 3009 c.
861 2959 920 3022 18).
984 2959 1001 3008 9
1020 2972 1091 3025 quoe
1108 2971 1144 3009 sc·

147 3031 254 3080 tuentur
271 3026 345 3080 uude
362 3027 462 3081 hausta
480 3028 536 3082 sint
554 3029 651 3083 mucio,
775 3029 806 3078 11
826 3024 982 3078 Radicibue
1002 3024 1108 3080 evinci.
1121 3068 1142 3079 ..

128 3043 213 3150 iossis
227 3097 299 3164 r(cf.
315 3096 390 3151 Plio.
405 3115 433 3153 tt.
447 3099 473 3153 lc.
486 3101 533 3166 20,
546 3101 604 3164 29).
657 3102 690 3151 12
704 3095 751 3150 vel
763 3107 837 3148 novo
855 3092 902 3146 vel
920 3097 1004 3149 ctusa
1023 3098 1109 3150 tunsa
1122 3113 1143 3151 r,

129 3169 224 3236 partes
243 3167 349 3223 ademi.
404 3184 461 3222 nna
479 3187 502 3224 r.
565 3173 598 3222 13
617 3167 759 3237 malagme
776 3181 799 3218 r.
856 3165 1144 3234 1416)1inte01ur.

131 3242 164 3291 16
183 3236 586 3305 melegmedicamedicamiuis
597 3240 659 3307 (sic)
670 3255 692 3292 r.
755 3239 788 3288 16
798 3232 906 3288 stade·
925 3237 945 3291 τ’.
1000 3243 1035 3291 18
1046 3253 1145 3306 spuma

130 3306 287 3363 ...sulfur
304 3306 392 3363 vivii.
409 3352 414 3364 .
431 3354 437 3364 .
452 3308 529 3364 nitrir
544 3308 666 3365 ...cleu
683 3309 765 3361 roscii
784 3305 813 3357 et
831 3317 896 3356 cera
909 3322 932 3359 r.
1007 3312 1041 3360 20
1057 3325 1098 3377 sp.
1114 3310 1146 3362 ut

130 3377 335 3446 suprascriptas
348 3397 371 3435 r.
445 3385 479 3435 20
488 3379 557 3435 teris
571 3398 594 3434 r.
685 3383 718 3431 21
728 3376 794 3431 tuce
807 3373 871 3428 cdd.
886 3379 1043 3444 uuusrmf.
1058 3395 1146 3448 scrpta

124 3463 155 3568 ἴ.
170 3450 235 3514 368,
250 3452 305 3515 10).
414 3451 487 3504 teste
496 3445 553 3506 π’
593 3453 626 3502 23
646 3443 786 3504 comburis
804 3462 826 3499 r.
906 3450 941 3500 24
960 3448 1043 3502 teres.
1059 3447 1144 3502 huec:

151 3532 182 3589 pc
200 3516 270 3570 teris
288 3537 311 3574 r.
384 3535 486 3588 pensas
505 3538 527 3575 r.
