2392 3922
327 187 378 238 na
397 186 555 239 ssururcr
572 186 758 239 uaureusn
991 184 1055 246 421

11 353 34 400 22
110 344 269 415 Smyrna,
288 361 361 414 quae
380 343 542 415 appellatur
559 360 661 412 murra,
681 343 776 397 calida
795 345 824 396 εὴ
843 342 918 397 sicca
938 343 1057 397 nimium

37 427 89 480 est.
118 426 150 479 et
172 423 275 494 plagas
298 423 401 494 capitis
427 423 521 493 pulvis
548 422 638 492 ipsius
666 422 826 477 consolidat
852 426 881 478 et
905 423 1057 478 lumbricos

38 503 185 573 interficit,
205 503 234 557 si
253 503 330 572 quis
349 503 540 575 scripulum
557 503 588 556 in
605 503 751 572 potionem
769 503 887 559 dederit.

11 590 37 638 23
111 582 226 652 Stear‚
245 582 277 637 id
295 587 339 639 est
357 583 456 653 adipes
475 583 588 638 diversi.
608 583 707 653 adipes
726 584 862 639 virtutem
879 584 990 655 porcini
1008 586 1057 639 ha-

36 665 108 720 bent
127 663 254 719 calidam
271 667 301 719 et
318 666 472 732 umectam,
498 663 572 717 sicut
594 665 624 717 et
642 663 743 718 oleum.
766 664 877 719 faciunt
900 666 938 719 ad
962 682 1057 720 omnes
1085 675 1098 716 5

37 748 174 813 tumores,
193 743 218 798 si
237 761 301 798 cum
320 741 535 813 cataplasmatis
549 741 695 796 commixti
708 741 822 798 fuerint.
842 743 940 812 adipes
955 743 1058 797 hircini

38 822 188 878 sicciorem
205 821 342 878 virtutem
355 822 463 876 habent
481 837 567 889 quam
579 821 696 890 peucini,
716 823 791 877 unde
805 840 914 877 morsus
928 823 1058 877 intestini

38 905 142 973 quiex
161 901 322 957 acritudine
340 919 470 956 umorum
487 901 534 955 vel
554 901 747 969 dysentericos
771 919 834 955 cum
860 901 992 970 clysterio
1012 919 1058 955 cu·
1153 900 1158 909 '

37 1000 149 1051 ramus,
188 984 218 1037 et
254 981 392 1036 solacium
423 981 576 1050 praebetur
608 981 761 1036 doloribus.
799 980 898 1049 adipes
933 981 1058 1034 anserini

37 1064 199 1119 tenuiorem
215 1061 352 1117 virtutem
369 1062 485 1117 habent.
507 1061 628 1130 denique
647 1078 748 1116 causas
767 1060 823 1114 coli
841 1077 905 1114 cum
923 1059 1055 1128 clysterio
1070 1074 1097 1112 ιο

38 1160 176 1198 curamus·
188 1141 236 1198 vel
254 1141 317 1197 oleo
336 1141 460 1197 aretino.
481 1140 583 1196 similis
601 1141 715 1197 virtutis
735 1143 801 1195 sunt
814 1144 844 1194 et
857 1139 956 1208 adipes
975 1139 1058 1209 galli.

37 1223 122 1279 nacii.
146 1221 255 1278 taurini
274 1221 373 1291 adipes
392 1220 558 1276 calidiorem
576 1222 712 1276 virtutem
729 1221 837 1275 habent
855 1223 885 1274 et
903 1219 1056 1274 sicciorem.

38 1303 88 1358 sed
106 1301 208 1372 adipes
226 1300 343 1371 leonini,
361 1299 528 1370 nitamini,
550 1300 708 1356 calidiores.
728 1305 758 1355 et
776 1301 933 1355 siccescunt
951 1303 981 1354 et
994 1300 1057 1369 plus

38 1380 214 1437 calefaciunt
246 1383 276 1436 et
302 1383 441 1451 spargunt
468 1383 498 1435 et
525 1383 680 1436 extenuant
711 1380 818 1436 leonini
846 1381 945 1451 adipes
974 1398 1059 1449 quam

37 1461 138 1532 adipes
157 1460 286 1516 omnium
302 1461 525 1530 quadrupedum
545 1461 634 1515 ursini
652 1478 719 1516 vero
738 1461 863 1516 calidam
876 1461 1012 1515 virtutem
1029 1463 1057 1514 et
1072 1469 1098 1510 15

37 1544 154 1596 tenuem
167 1540 277 1595 habent
290 1543 320 1596 et
332 1540 425 1596 tineas
445 1544 552 1596 curant.
576 1558 671 1597 omnes
690 1542 788 1610 itaque
808 1541 907 1611 adipes
921 1543 1059 1610 quantum

37 1620 276 1691 inveteraverint,
299 1623 413 1675 tantum
435 1620 587 1677 calidiores
609 1622 681 1676 fiunt
699 1621 832 1694 <magis>
852 1626 882 1676 et
905 1621 1059 1676 extenuant

39 1705 68 1756 et
86 1700 199 1755 siccant
216 1716 336 1755 umores.

10 1787 38 1836 Μ
110 1779 316 1849 Smyrnium‚
335 1779 367 1834 id
385 1783 429 1835 est
447 1797 542 1834 semen
560 1780 709 1848 holusatri,
728 1780 853 1834 calidum
867 1782 896 1833 et
910 1778 1015 1832 siccum
1029 1781 1059 1832 et

38 1859 178 1928 umidum,
195 1862 226 1913 et
243 1857 340 1913 urinas
360 1862 389 1914 et
406 1861 552 1914 menstrua
569 1862 712 1929 provocat.
1071 1866 1098 1907 ²⁰

10 1945 37 1992 25
109 1936 303 2006 Tithymali
323 1954 419 1992 omnes
438 1937 574 1992 virtutem
592 1939 716 1993 calidam
734 1939 763 1991 et
782 1935 918 1990 acriorem
939 1935 1056 2005 habent,

40 2021 68 2072 et
81 2016 185 2071 fortior
199 2018 243 2071 est
251 2016 343 2085 primo
357 2017 451 2085 liquor
461 2033 565 2088 eorum,
576 2018 698 2072 secundo
712 2015 820 2069 fructus
834 2017 864 2068 et
877 2013 956 2082 folia,
970 2014 1056 2068 tertio

111 2212 221 2283 [Simon
242 2229 263 2266 s.
289 2211 439 2266 Sion...
460 2211 546 2267 Tbeo.
570 2212 625 2266 Pri.
650 2212 679 2266 li.
704 2212 739 2265 de
767 2209 889 2279 simplici
916 2209 1057 2263 medicina

40 2282 262 2337 Sisimbrium
280 2282 364 2336 multi
383 2283 575 2337 cardaminem
593 2283 644 2337 alii
663 2282 725 2336 sion
744 2281 842 2335 dicunt
860 2283 926 2353 ete]

112 2359 146 2407 19
167 2353 263 2408 Simon
280 2370 301 2408 e.
327 2353 484 2408 Smirnion.
497 2398 520 2409 ..
536 2354 621 2408 Theo.
640 2353 738 2407 Prisci.
757 2352 787 2406 li.
806 2353 841 2407 de
860 2351 983 2421 simplici
1001 2368 1058 2405 me-

41 2424 137 2479 dicina
156 2422 229 2478 dicit
247 2423 384 2478 smirnion
402 2440 463 2478 esse
482 2441 578 2479 semen
596 2423 751 2479 alexandri.
774 2423 889 2478 ridetur
905 2440 957 2494 per
974 2422 1057 2477 huius

41 2494 263 2620 depcnffiipnem
281 2495 358 2564 quod
375 2495 421 2550 vel
436 2497 480 2549 est
498 2494 651 2550 olixatrum
669 2512 718 2549 seu
735 2495 921 2549 alexandrum
936 2497 999 2564 (sic)
1013 2493 1059 2548 vel

42 2584 65 2619 u
85 2584 97 2619 1
118 2583 130 2619 s
196 2582 219 2620 e.

40 2676 258 2686 ——

113 2739 262 2796 ISmirna
281 2742 315 2798 G.
388 2741 475 2797 mirra
495 2743 529 2797 G.
602 2741 736 2813 ipulver
757 2743 790 2798 G.
865 2742 1012 2797 consoldat
1026 2742 1058 2795 G.

41 2818 56 2865 3
74 2811 252 2866 interficiunt
272 2811 306 2867 G.
379 2813 451 2867 4De
471 2812 629 2869 stamidem.
650 2813 807 2868 Stamidem
820 2813 920 2882 adipes
934 2812 1058 2866 diversos

41 2883 140 2952 adipes
158 2881 297 2937 virtutem
314 2900 341 2952 p.
362 2883 492 2939 abent..
509 2927 515 2939 .
532 2884 565 2939 G.
648 2889 664 2937 b
682 2885 853 2939 humectum.
874 2883 963 2937 siccat
981 2881 1004 2934 a
1024 2881 1057 2935 G.

41 2960 56 3007 6
75 2958 111 3007 cir
131 2952 342 3022 cataplasmata
360 2953 534 3009 conmixtum
551 2954 638 3009 fuerit
658 2955 692 3011 G.
827 2953 959 3008 CXXVII.
979 2953 1057 3004 Item.

40 3024 147 3093 Adipes
166 3022 272 3078 ircinos
293 3024 326 3080 G.
437 3029 452 3078 7
469 3025 605 3080 intestine
624 3029 731 3096 q;(que)
750 3042 784 3079 ex
802 3022 989 3078 acritudinem
1007 3021 1058 3073 hu-

40 3099 120 3150 morr'r
131 3093 167 3150 G.
223 3094 437 3150 8cs1clisterio
458 3096 492 3150 G.
544 3096 704 3151 9solatium
716 3097 749 3151 G.
800 3092 1010 3159 anserineau'c)
1024 3090 1056 3144 G.

42 3171 73 3218 10
92 3165 183 3220 abent
203 3164 238 3221 G.
320 3165 412 3220 colicir
430 3165 550 3221 clistirio
571 3168 604 3223 G.
687 3174 719 3222 11
739 3166 850 3221 uetoleo
870 3162 976 3217 audrico
996 3180 1016 3216 s.
1031 3179 1057 3215 v.

41 3239 114 3292 sunt.
133 3236 173 3290 Et
191 3236 237 3291 ad.
257 3253 284 3307 g.
306 3236 339 3292 G.
452 3236 586 3307 galinatii
607 3239 640 3294 G.
732 3244 765 3292 13
785 3237 808 3291 a
826 3232 932 3290 taurini
953 3233 985 3287 G.

43 3313 74 3361 14
92 3307 247 3378 ispargunt
267 3307 300 3363 G.
356 3325 453 3375 quam:
473 3311 595 3376 quatuor
612 3310 669 3364 cod.
725 3314 758 3361 16
773 3307 864 3361 tineas
879 3304 1060 3372 (ἀλωπεκίαις

43 3378 187 3446 001.le
197 3381 271 3448 331).
317 3378 453 3449 ltmagis
463 3381 569 3436 addidi.
608 3385 641 3433 19
652 3378 790 3434 CXXVIII
798 3379 840 3431 De
853 3376 943 3441 smo(y
952 3375 1059 3442 σοφωτ-

41 3485 126 3541 m
145 3484 243 3554 adop
259 3484 434 3556 coep-nium
446 3485 479 3541 e.
607 3463 760 3540 oiseleria
779 3484 824 3550 (ef.
840 3480 960 3536 anua.
981 3479 1060 3545 126).

42 3555 236 3612 mannicum
247 3555 280 3613 G.
332 3555 426 3610 crinas
439 3556 472 3611 G.
539 3548 936 3611 21Detitimallo.Titimalus
948 3553 1013 3597 ῐιπ
1027 3545 1051 3569 ’”
