2392 3924
141 178 184 243 94
451 180 641 232 THEODORI
658 179 838 232 PRISOIANI

140 345 212 406 lotio
234 347 322 424 pueri
344 347 448 405 tritum
471 344 687 423 apponendum.
730 353 760 404 et
782 351 864 423 gutta
886 346 1066 405 ammoniaci
1089 364 1162 406 curn

140 440 223 494 aceto
247 436 318 493 trita
341 433 480 493 similiter
503 433 667 494 adhibetur.
705 440 735 493 et
757 435 834 512 misy
857 439 887 493 et
910 433 1102 494 aristolochia
1122 453 1157 496 en

140 540 234 600 aequo
258 529 381 582 contusa
405 540 473 582 cum
500 521 588 583 melle
616 521 752 582 adhiberi
775 521 872 583 debet.
917 522 975 582 hoc
999 529 1030 584 et
1052 541 1157 584 rasura

141 610 312 671 cucurbitae
336 613 407 670 trita
430 611 526 671 faciet.

112 780 136 825 ὁ.
401 769 541 830 ΧΧΧΠΙΙ.
578 769 624 830 lle
648 769 890 848 paronychiis.

87 870 129 935 90
227 875 409 956 Paronychia
439 879 471 935 in
503 877 598 936 initiis
625 875 692 935 lana
720 893 756 936 ex
784 893 860 955 aqna
888 875 987 936 inlusa
1014 877 1156 956 imposita¹

140 972 232 1047 curat,
256 983 330 1043 quae
354 965 507 1043 frigidiore
531 982 606 1043 aqna
626 965 814 1043 frequentius
833 964 984 1043 irriganda
1002 967 1070 1025 erit.
1107 965 1153 1026 his

140 1056 228 1114 etiam
251 1053 330 1113 altita
354 1072 421 1114 cum
444 1071 520 1132 aqua
542 1054 613 1113 trita
636 1051 802 1113 adhibenda
821 1059 917 1114 erunt.
960 1055 1005 1113 sic
1024 1060 1056 1114 et
1078 1056 1155 1114 turis

139 1142 264 1203 masculi
295 1141 391 1221 pulvis
420 1160 488 1202 cum
520 1141 608 1201 melle
635 1144 746 1201 mixtus
776 1141 959 1222 medebitur,
992 1143 1038 1202 sic
1066 1145 1155 1203 etiam

100 1243 125 1282 10
139 1231 280 1309 gadarum
286 1279 295 1312 ,
328 1233 372 1291 sic
404 1232 622 1309 auripigmenti.
670 1232 721 1309 qui
752 1232 813 1290 nisi
843 1233 1063 1311 percuraverit,
1096 1248 1153 1291 non

139 1320 249 1380 exiliet.

228 1410 254 1475 si
282 1409 395 1467 saniem
428 1425 499 1467 sane
527 1407 693 1488 collegerit,
724 1406 824 1468 locum
851 1425 975 1487 pungas.
1023 1407 1060 1467 ad
1090 1410 1154 1468 eius

139 1495 336 1573 digestionem
369 1502 398 1556 et
429 1495 599 1556 lenticulam
632 1503 745 1556 coctam
777 1513 845 1556 cum
876 1495 964 1556 melle
995 1488 1153 1556 contritam

139 1587 374 1663 superimpones.
421 1592 451 1644 et
473 1592 588 1645 murtae
611 1584 680 1644 lolia
702 1584 809 1644 viridia
830 1586 901 1644 trita
925 1583 1066 1644 similiter
1087 1602 1153 1644 cum

99 1678 124 1719 1⁵
138 1672 227 1732 melle
259 1672 443 1733 adhibentur.
500 1676 543 1733 sic
576 1675 665 1733 etiam
697 1690 847 1753 rosarum,
879 1674 922 1732 sic
955 1672 1051 1733 olivae
1084 1672 1152 1733 folia

138 1760 283 1822 similiter.
326 1763 369 1821 sio
393 1761 523 1822 cadmiae
546 1761 643 1840 pulvis
667 1779 806 1839 aspersus
826 1767 923 1842 curat,
947 1763 991 1821 sic
1010 1763 1088 1842 ervi,
1112 1763 1152 1821 sic

136 1852 213 1909 turis
236 1850 368 1910 masculi.

227 1937 334 2017 quibus
352 1957 422 1999 vero
445 1940 533 1998 etiam
557 1956 672 2016 ungues
697 1940 910 2018 quassaverint,
933 1937 1014 1998 loliis
1036 1944 1152 2000 murtae

635 2045 650 2078 ὁ

209 2098 222 2146 1
242 2091 415 2162 iponendum
433 2109 456 2147 r.
530 2090 670 2144 amoniaci
689 2091 718 2145 b:
737 2090 915 2145 ammoniaca
927 2092 984 2147 rB.
1059 2097 1076 2146 2
1095 2109 1153 2161 my·

137 2179 199 2217 aeos
220 2165 288 2232 oet,
307 2162 410 2217 miseos
430 2165 462 2230 b,
480 2161 578 2215 misius
596 2181 620 2230 r,
639 2160 743 2230 mysios
763 2163 798 2217 B.
872 2178 1016 2231 exaequo
1036 2165 1152 2218 contusa

135 2236 183 2288 rB
195 2235 253 2290 Get.
268 2260 302 2279 =
317 2251 372 2287 ana
391 2236 509 2287 contusa
529 2234 553 2288 b.
604 2280 609 2290 .
644 2239 777 2286 trasura
796 2231 959 2287 cucurbitae
977 2233 1048 2287 trita
1066 2232 1152 2288 faciet

44 2298 47 2303 ’
136 2304 216 2373 (facit
236 2306 305 2373 Get.)
324 2305 434 2360 Met:
457 2320 553 2357 rasore
572 2305 629 2372 (sed
651 2311 715 2359 aute
737 2305 894 2372 cora-ra)
917 2303 1064 2377 cucurbita
1087 2303 1152 2358 luite

136 2375 219 2443 (sicce
235 2377 260 2444 b)
279 2374 387 2428 faciunt
402 2373 461 2443 (fai
477 2376 501 2442 b,
519 2376 566 2428 aed
583 2373 690 2428 facient
703 2391 773 2429 corr.
787 2376 820 2443 r).
885 2379 901 2427 ὅ
916 2374 957 2428 De
970 2374 1152 2444 paronychiis

137 2447 209 2501 Get:
228 2445 269 2498 De
292 2444 445 2514 paranioiis
464 2443 519 2513 (vel
542 2443 656 2514 ungulis
675 2447 738 2500 add.
757 2448 783 2514 a)
801 2446 861 2512 rB,
873 2458 876 2465 ·
889 2443 930 2498 De
948 2445 1107 2515 panariciis
1125 2447 1152 2499 et

135 2515 277 2586 unguibus
305 2515 395 2584 ruptis
423 2517 452 2569 et
480 2513 615 2568 scabiosis
639 2517 655 2570 b
678 2515 729 2585 (De
755 2515 880 2585 penariis
907 2517 939 2570 iu
965 2518 1026 2572 iud.
1046 2519 1082 2587 b).

136 2595 151 2640 6
170 2584 320 2639 Paranicia.
335 2589 369 2655 (r)
379 2587 414 2653 B,
433 2585 590 2639 Panaraaia
599 2588 685 2655 (sic)b
700 2586 816 2655 (—ricia
829 2590 862 2656 a).
918 2591 933 2640 7
948 2586 1100 2658 frigidiore
1112 2587 1150 2642 B:

137 2656 196 2709 —ri
215 2657 321 2711 erel.
394 2656 449 2710 erit
467 2658 495 2712 b:
515 2660 596 2711 erunt
614 2658 661 2711 rB
673 2659 731 2714 aee.
804 2663 899 2712 8cum
913 2658 1071 2728 (aqua)rB
1082 2658 1150 2715 eeu

136 2743 170 2780 ex
185 2728 208 2782 h.
265 2729 346 2780 erunt
363 2746 391 2783 r:
412 2726 509 2797 eritB,
529 2729 572 2781 est
591 2730 615 2796 b,
636 2732 701 2783 sunt
716 2729 775 2784 Get.
830 2735 846 2782 9
865 2727 953 2782 etiam
971 2729 1052 2786 rth
1067 2729 1151 2785 etiam

136 2801 164 2852 et
184 2799 241 2854 uel.
351 2799 391 2852 sic
411 2798 641 2868 aurip-exiliet
659 2801 695 2855 rb
707 2801 764 2855 Gel.
783 2802 829 2868 (sc.
848 2798 974 2869 unguis):
997 2816 1049 2856 om.
1065 2801 1095 2855 B
1107 2799 1149 2871 (cf.

134 2905 213 2972 vafra
223 2922 252 2973 p.
268 2908 355 2975 aaa).
413 2912 445 2959 10
458 2904 507 2974 qui
521 2906 619 2961 odei:
638 2884 693 2974 tr.
754 2904 811 2959 nisi
824 2906 912 2961 roei:
932 2868 1017 2962 ias.
1033 2924 1056 2963 e.
1070 2872 1091 2962 1¹1
1103 2905 1150 2962 ou

133 2993 197 3030 moa
216 2977 316 3031 lineola
334 2976 439 3047 oblique
458 2979 586 3046 appositu
603 2978 706 3031 deletur
725 2976 736 3029 l
754 2979 798 3046 (so.
818 2979 891 3033 cerri
908 2978 968 3034 itur
984 2979 1019 3032 iu
1036 2977 1067 3047 i).

159 3046 299 3101 curaverit
316 3066 338 3102 r.
414 3054 446 3101 12
465 3046 611 3118 collegerit
627 3048 713 3103 rdet:
732 3047 867 3117 colligent
927 3047 963 3119 (si
982 3048 1079 3103 sanies
1097 3045 1148 3103 ool-

133 3063 209 3172 iicon
227 3118 360 3188 fueritb).
415 3117 690 3188 pungesl-gierB
701 3119 783 3187 Geli:
801 3119 950 3190 pungere.
1021 3127 1057 3175 14
1071 3133 1148 3188 super

132 3191 215 3244 er:
235 3207 284 3244 om.
301 3189 360 3244 Gel.
414 3190 581 3259 impunest,
598 3188 741 3244 —nisrB
752 3191 819 3245 eea.
873 3191 966 3262 murtp
980 3207 1005 3260 r,
1023 3189 1145 3264 mirtpt:

132 3259 219 3330 myrti
236 3261 333 3315 BGel.
406 3278 429 3316 o.
448 3279 484 3314 m.
504 3259 573 3314 trita
591 3268 675 3330 ipone
695 3262 718 3315 b.
793 3267 827 3314 15
846 3258 886 3314 sic
905 3260 963 3331 (ol.)
981 3263 1019 3316 rb
1032 3262 1104 3318 Gela
1120 3259 1146 3312 et

134 3331 173 3384 sio
193 3330 250 3400 (ol.)
269 3331 304 3386 B.
392 3337 425 3385 16
445 3331 573 3386 cadmiae
591 3333 628 3401 B,
647 3330 752 3404 casmip
770 3349 798 3387 r:
818 3331 929 3385 cedriae
949 3331 1038 3388 odel.
1108 3328 1143 3382 sic

132 3404 169 3456 rb
181 3403 252 3457 Get:
273 3402 314 3454 sic
332 3402 420 3456 etiam
438 3405 479 3472 (t.)
498 3405 533 3458 B.
635 3407 667 3455 18
687 3402 886 3472 quassaverint
904 3403 920 3456 b
938 3409 964 3457 et
983 3404 1067 3473 (quia
1082 3401 1143 3456 citio

132 3473 188 3528 solo
211 3479 317 3543 typopr.
343 3474 396 3544 lepa'
421 3476 531 3530 uidetur
556 3474 745 3543 pausaverint)
766 3474 836 3530 oet:
865 3473 964 3542 quassi
985 3471 1091 3528 fuerint
1109 3469 1139 3524 B.
1192 3528 1194 3537 ,

136 3549 168 3598 19
187 3543 270 3596 mirte
289 3561 312 3612 r,
331 3543 414 3618 mirte
434 3547 461 3599 b:
481 3544 599 3615 my(')rti
616 3545 712 3600 Boot.
