2392 3922
340 176 578 229 cammaron
594 175 853 230 eromenion,
1068 175 1112 239 45

165 358 234 420 ego
258 357 334 400 vero
358 341 539 418 saepissime
563 341 606 400 sic
630 359 646 400 e
669 340 792 402 naribus
818 341 941 420 polypos
966 342 1112 402 cecidisse

85 428 212 511 μηδενί,
236 428 365 508 pulvere
389 446 428 489 ox
452 427 611 489 chalcitide
634 432 712 508 misy
734 432 813 491 aeris
835 430 908 490 tiore
928 448 1021 508 aequa
1039 448 1112 510 pon·

84 518 237 579 dotatione
267 517 408 578 coniecto
434 523 467 577 ct
494 515 568 577 locis
597 516 728 578 adhibito
756 537 810 597 per
838 517 1008 600 cannulam,
1036 521 1113 578 siout

85 608 223 687 aperius
248 607 428 667 memoravi.

166 696 265 756 fetori
284 713 358 755 vero
376 696 500 755 narium
518 713 622 755 sucum
641 695 768 756 hederae
788 695 960 774 frequenter
979 696 1112 777 infunde,
1139 708 1152 748 ὁ

85 794 112 845 ct
131 784 320 845 draconteae
344 800 454 845 sucum
477 800 546 843 cum
569 783 656 844 melle
681 784 827 845 similiter.

256 978 351 1040 xliii
388 977 436 1038 De
460 977 560 1038 fluxu
584 981 773 1057 sanguinis
796 981 942 1040 narium.

43 1140 45 1145 .
170 1085 268 1146 Prius
298 1083 500 1164 spathomeles
523 1091 657 1145 extremo
679 1087 712 1144 in
734 1085 807 1145 baca
829 1085 913 1145 molli
935 1086 1001 1146 lana
1025 1080 1167 1146 obvo-44

43 1170 45 1185 '
89 1172 145 1235 ino
172 1173 286 1253 glebas
315 1173 471 1252 sanguinis
495 1191 511 1232 e
538 1173 661 1233 naribus
689 1174 875 1252 frequentius
903 1192 1031 1252 purgare
1060 1192 1113 1234 nos

91 1265 247 1343 convenit,
290 1269 361 1341 post
401 1261 469 1322 lana
510 1260 672 1322 identidem
710 1261 874 1323 obturando
911 1261 1154 1340 perclaudere.1⁰

90 1350 174 1412 eiind.
221 1350 352 1411 linteolo
376 1349 532 1411 combusto
556 1357 586 1410 et
609 1350 709 1411 infuso
732 1353 764 1410 in
792 1353 854 1411 acri
882 1358 978 1430 aceto,
1006 1358 1057 1410 aut
1084 1353 1115 1411 in

89 1458 159 1501 snco
193 1439 344 1520 polygoni
376 1436 501 1518 herbae,
532 1445 583 1499 aut
612 1441 702 1499 ocimi
729 1439 775 1499 vel
803 1442 887 1517 porri
914 1441 1032 1519 sectivi,
1066 1448 1116 1500 aut

89 1528 261 1609 arnoglossi
287 1527 437 1588 similiter.

174 1635 254 1678 sane
284 1618 313 1676 si
345 1615 394 1676 his
422 1615 576 1676 adiutoriis
604 1618 784 1695 contemptis
812 1619 965 1696 sanguinis
994 1617 1114 1677 fluentis

89 1706 228 1767 notastis
251 1707 502 1785 perseveraverit,
525 1706 590 1765 sine
614 1722 698 1765 mora
721 1704 956 1766 flebotomandus
980 1708 1046 1766 erit.
1086 1713 1116 1765 et
1130 1717 1155 1756 1⁵

158 1954 173 2001 1
195 1963 268 2016 ogo:
288 1947 356 2000 haec
374 1945 515 2000 Galaaicic
532 1947 614 2001 addit
631 1948 690 2015 ipse
712 1947 759 2001 Ti.
780 1949 862 2015 (atI,
880 1950 936 2015 32).
1011 1944 1116 2014 saepis-

91 2018 157 2073 sime
178 2018 306 2073 rbGeie
327 2033 378 2070 om.
398 2017 434 2071 Β,
560 2022 575 2070 2
596 2032 630 2071 ex
649 2017 750 2071 caloiie
770 2020 843 2086 (-te
862 2020 886 2086 r)
905 2018 953 2071 rB
965 2017 1036 2070 Get:
1060 2016 1116 2067 ccl-

90 2090 154 2143 eitei
173 2092 200 2143 b.
280 2087 356 2156 mysi
372 2086 444 2143 Gai:
463 2104 572 2156 myseos
592 2091 616 2157 b,
635 2087 721 2142 misso
741 2090 776 2155 Β,
795 2089 899 2142 misceo
918 2106 940 2142 r.
1022 2092 1037 2138 3
1053 2088 1116 2139 et-

91 2169 125 2227 e)
142 2159 288 2214 similiter
305 2175 358 2214 om.
376 2159 412 2212 B.
504 2166 520 2212 4
539 2158 613 2213 sicui
632 2176 652 2214 s.
673 2178 708 2215 m.
729 2160 827 2215 added:
846 2177 896 2214 om.
917 2160 942 2224 b,
961 2159 1008 2227 qai
1027 2164 1118 2211 tamea

91 2233 146 2285 nita
167 2231 324 2301 seebiunpit
341 2231 405 2299 (por
422 2248 446 2284 a.
463 2233 490 2297 6)
508 2230 624 2284 Parrum
649 2229 787 2300 virginem
809 2237 855 2286 etc.
880 2231 988 2284 diversa
1010 2229 1055 2282 hic
1074 2230 1118 2297 (ear

90 2302 132 2357 Ps.
157 2303 270 2369 Plinio)
290 2302 355 2358 add.
369 2318 392 2354 r.
449 2300 575 2369 superius
589 2319 620 2356 r:
640 2318 725 2371 supro
746 2302 802 2356 aei.
877 2306 946 2354 5-6
960 2302 1026 2354 daec
1043 2301 1119 2368 (post

91 2372 262 2440 memoravi)
281 2373 357 2426 ocius
375 2372 451 2425 dedit
471 2371 545 2438 Gai,
564 2390 633 2441 qaae
651 2374 847 2427 additamentis
868 2373 947 2426 atocio
965 2373 1120 2426 aiemoratis

90 2447 207 2499 edicat
222 2446 255 2510 b,
274 2444 315 2497 sic
335 2443 436 2511 laycae:
455 2441 584 2496 Fetorem
602 2459 718 2498 veron.
739 2441 892 2513 compescis
912 2442 981 2496 sih.
1002 2460 1022 2496 s.
1043 2442 1061 2496 f.
1076 2442 1119 2495 in-

90 2515 184 2568 fundis
201 2516 233 2568 ei
247 2513 406 2584 dragontep
422 2528 443 2566 s.
459 2528 481 2566 c.
496 2530 531 2566 ιιι.
552 2531 572 2567 s.
589 2516 648 2581 (om.
664 2515 730 2582 rB).
855 2520 869 2567 7
889 2513 1000 2567 narium
1018 2515 1118 2569 rdet:

90 2602 189 2640 mum
209 2583 281 2638 XIII
298 2584 327 2637 B
345 2585 420 2651 (item
434 2585 481 2653 qai
494 2601 544 2639 om.
564 2586 718 2652 rubricam,
736 2587 769 2639 ia
782 2585 840 2639 iad.
852 2587 1002 2653 praemisso
1017 2586 1075 2639 b==
1085 2589 1118 2653 r).

89 2654 295 2728 ispatomcla
318 2653 349 2706 in
372 2656 495 2708 extremo
517 2653 597 2708 molli
620 2655 638 2709 l.
663 2655 799 2710 obvoluto
820 2657 891 2724 Gai,
915 2658 1005 2709 strato
1028 2655 1119 2710 mellis

91 2736 131 2781 at
149 2730 183 2793 I,
206 2730 255 2793 37)
285 2726 411 2779 extremo
439 2723 469 2776 in
495 2724 599 2779 baculo
615 2728 619 2795 Ι
635 2743 673 2779 ne
704 2726 784 2781 molli
813 2726 946 2781 obvoluto
965 2728 1008 2795 B,
1037 2728 1119 2796 spato

90 2798 162 2853 mele
182 2801 317 2852 extremo
335 2794 368 2848 in
385 2811 458 2850 noca
475 2795 556 2849 molli
573 2797 642 2850 lona
660 2814 684 2853 o.
703 2816 726 2863 r,
746 2799 808 2851 soto
826 2798 919 2852 mellis
943 2798 974 2852 in
996 2800 1119 2851 extremo

90 2869 171 2923 molli
191 2868 212 2923 l.
239 2865 380 2921 obvoluti
403 2868 419 2920 b
446 2869 567 2937 (μηλωτῇ
592 2866 668 2934 ἔριον
698 2864 799 2940 ἐχούσῃ
828 2867 1013 2941 βεβρεγμένον
1037 2867 1120 2920 idaci

88 2960 128 3011 qr.
145 2959 177 3011 p.
202 2943 306 3005 338,1
327 2938 363 3005 cf.
385 2937 447 2994 aaz.
467 2939 540 3005 XII,
559 2940 632 3008 691).
792 2945 807 2992 9
826 2938 1000 3009 frequentius
1021 2938 1120 2991 odei:

89 3030 140 3067 an.
162 3012 222 3065 Br.
301 3012 335 3061 10
353 3007 535 3078 perolaudere
553 3011 590 3063 rb
602 3011 672 3065 Gai:
696 3009 861 3081 procludere
880 3012 915 3066 B.
988 3012 1020 3059 11
1041 3006 1120 3059 eliud

91 3086 150 3151 {sici
170 3082 223 3136 rB
235 3081 310 3136 (aeia
331 3081 361 3133 ei
379 3081 403 3133 b.
512 3080 658 3135 combusto
678 3084 707 3134 ei
724 3083 773 3135 rB
784 3082 855 3137 Gai:
875 3099 924 3135 am.
944 3082 960 3133 b
975 3076 1120 3145 (στρεπτὸν

90 3154 204 3216 wdone
220 3154 286 3224 yn).
362 3149 432 3204 ina.
453 3151 513 3205 bB:
534 3154 585 3205 aui
603 3151 633 3205 in
652 3151 776 3207 arGei.
851 3157 884 3204 12
903 3146 1046 3219 poligonie
1063 3149 1120 3201 bB.

90 3263 141 3314 aui
155 3258 247 3315 ocimi
262 3222 622 3327 valp.r‚aut00i1i10'aut
640 3277 666 3328 p.
683 3260 726 3326 br,
746 3260 797 3312 oui
815 3255 889 3325 cymi
907 3253 953 3308 vel
966 3272 992 3323 p.
1009 3253 1051 3321 B,
1072 3255 1122 3306 aut

91 3332 185 3386 cimae
203 3349 233 3402 p.
257 3330 318 3385 Gal.
395 3329 445 3381 aut
463 3328 621 3398 arnoglossi
640 3329 761 3398 (-glosi
780 3331 826 3396 br)
846 3325 965 3380 ardet:
984 3341 1034 3379 om.
1050 3326 1085 3379 B.

93 3410 124 3457 14
148 3398 453 3471 sane-perseverarit
475 3401 581 3454 rodel.
607 3402 674 3469 (cisi
697 3401 769 3470 qaod
791 3399 827 3452 rb
851 3413 900 3451 om.
930 3395 1067 3466 fluentis):
1099 3394 1123 3449 si

90 3470 343 3544 perseveraverint
362 3471 415 3540 (sic
433 3472 603 3540 eimpliciter)
617 3471 652 3526 B.
708 3470 752 3524 his
773 3468 873 3524 odet:
892 3484 942 3524 oni.
962 3486 985 3523 r.
1043 3475 1076 3523 15
1095 3470 1123 3521 ei

92 3547 152 3603 Bb:
172 3546 250 3602 Item
271 3542 334 3600 Gal.
