<?xml version="1.0" encoding="UTF-8"?>
<!DOCTYPE html PUBLIC "-//W3C//DTD XHTML 1.0 Transitional//EN"
    "http://www.w3.org/TR/xhtml1/DTD/xhtml1-transitional.dtd">
<html xmlns="http://www.w3.org/1999/xhtml" xml:lang="en" lang="en">
 <head>
  <title>
</title>
<meta http-equiv="Content-Type" content="text/html;charset=utf-8" />
  <meta name='ocr-system' content='tesseract 3.04.00' />
  <meta name='ocr-capabilities' content='ocr_page ocr_carea ocr_par ocr_line ocrx_word'/>
</head>
<body>
  <div class='ocr_page' id='page_1' title='image "./euporistonlibri00rosegoog_0334.png"; bbox 0 0 2392 3922; ppageno 0'>
   <div class='ocr_carea' id='block_1_1' title="bbox 426 178 1062 242">
    <p class='ocr_par' dir='ltr' id='par_1_1' title="bbox 426 178 1062 242">
     <span class='ocr_line' id='line_1_1' title="bbox 426 178 1062 242; baseline -0.005 -9"><span class='ocrx_word' id='word_1_1' title='bbox 426 182 695 233; x_wconf 79' lang='lat' dir='ltr'>ADDITAMENTA.</span> <span class='ocrx_word' id='word_1_2' title='bbox 1000 178 1062 242; x_wconf 83' lang='lat'>301</span> 
     </span>
    </p>
   </div>
   <div class='ocr_carea' id='block_1_2' title="bbox 49 336 1094 1045">
    <p class='ocr_par' dir='ltr' id='par_1_2' title="bbox 49 336 1094 1045">
     <span class='ocr_line' id='line_1_2' title="bbox 49 336 1070 408; baseline -0.003 -14"><span class='ocrx_word' id='word_1_3' title='bbox 49 357 206 408; x_wconf 82' lang='lat' dir='ltr'><strong>numquam</strong></span> <span class='ocrx_word' id='word_1_4' title='bbox 229 338 337 393; x_wconf 93' lang='lat' dir='ltr'>homini</span> <span class='ocrx_word' id='word_1_5' title='bbox 358 338 518 408; x_wconf 78' lang='lat' dir='ltr'>proveniet,</span> <span class='ocrx_word' id='word_1_6' title='bbox 547 337 571 391; x_wconf 91' lang='lat' dir='ltr'>si</span> <span class='ocrx_word' id='word_1_7' title='bbox 598 338 716 392; x_wconf 87' lang='lat' dir='ltr'>herbam</span> <span class='ocrx_word' id='word_1_8' title='bbox 744 336 944 407; x_wconf 83' lang='lat' dir='ltr'>chamaepityn</span> <span class='ocrx_word' id='word_1_9' title='bbox 972 353 1070 391; x_wconf 85' lang='lat' dir='ltr'>secum</span> 
     </span>
     <span class='ocr_line' id='line_1_3' title="bbox 49 416 1066 488; baseline -0.005 -14"><span class='ocrx_word' id='word_1_10' title='bbox 49 419 184 474; x_wconf 80' lang='lat' dir='ltr'>habuerit</span> <span class='ocrx_word' id='word_1_11' title='bbox 204 419 361 488; x_wconf 73' lang='lat' dir='ltr'>alligatam.</span> <span class='ocrx_word' id='word_1_12' title='bbox 391 418 415 472; x_wconf 91' lang='lat' dir='ltr'>si</span> <span class='ocrx_word' id='word_1_13' title='bbox 434 418 497 486; x_wconf 87' lang='lat' dir='ltr'>quis</span> <span class='ocrx_word' id='word_1_14' title='bbox 512 417 622 485; x_wconf 86' lang='lat' dir='ltr'>aliquid</span> <span class='ocrx_word' id='word_1_15' title='bbox 635 417 760 487; x_wconf 75' lang='lat' dir='ltr'>fregerit,</span> <span class='ocrx_word' id='word_1_16' title='bbox 779 420 812 471; x_wconf 91' lang='lat' dir='ltr'>ut</span> <span class='ocrx_word' id='word_1_17' title='bbox 830 416 891 472; x_wconf 86' lang='lat' dir='ltr'>sine</span> <span class='ocrx_word' id='word_1_18' title='bbox 910 417 1007 472; x_wconf 86' lang='lat' dir='ltr'>dolore</span> <span class='ocrx_word' id='word_1_19' title='bbox 1021 416 1066 470; x_wconf 84' lang='lat' dir='ltr'>vel</span> 
     </span>
     <span class='ocr_line' id='line_1_4' title="bbox 51 495 1067 568; baseline -0.004 -15"><span class='ocrx_word' id='word_1_20' title='bbox 51 515 163 568; x_wconf 88' lang='lat' dir='ltr'>spasmo</span> <span class='ocrx_word' id='word_1_21' title='bbox 187 501 313 567; x_wconf 86' lang='lat' dir='ltr'>curetur,</span> <span class='ocrx_word' id='word_1_22' title='bbox 341 497 447 566; x_wconf 89' lang='lat' dir='ltr'>sinapis</span> <span class='ocrx_word' id='word_1_23' title='bbox 470 514 560 567; x_wconf 86' lang='lat' dir='ltr'>grana</span> <span class='ocrx_word' id='word_1_24' title='bbox 582 497 693 566; x_wconf 79' lang='lat' dir='ltr'>aliquot</span> <span class='ocrx_word' id='word_1_25' title='bbox 715 500 745 552; x_wconf 91' lang='lat' dir='ltr'>et</span> <span class='ocrx_word' id='word_1_26' title='bbox 767 497 864 551; x_wconf 87' lang='lat' dir='ltr'>fimum</span> <span class='ocrx_word' id='word_1_27' title='bbox 886 496 1018 552; x_wconf 88' lang='lat' dir='ltr'>caninum</span> <span class='ocrx_word' id='word_1_28' title='bbox 1037 495 1067 549; x_wconf 88' lang='lat' dir='ltr'>in</span> 
     </span>
     <span class='ocr_line' id='line_1_5' title="bbox 51 576 1067 647; baseline -0.002 -15"><span class='ocrx_word' id='word_1_29' title='bbox 51 577 139 633; x_wconf 86' lang='lat' dir='ltr'>linteo</span> <span class='ocrx_word' id='word_1_30' title='bbox 157 577 266 647; x_wconf 78' lang='lat' dir='ltr'>ligabis</span> <span class='ocrx_word' id='word_1_31' title='bbox 285 581 314 633; x_wconf 94' lang='lat' dir='ltr'>et</span> <span class='ocrx_word' id='word_1_32' title='bbox 331 578 362 631; x_wconf 91' lang='lat' dir='ltr'>in</span> <span class='ocrx_word' id='word_1_33' title='bbox 379 577 496 632; x_wconf 88' lang='lat' dir='ltr'>brachio</span> <span class='ocrx_word' id='word_1_34' title='bbox 515 577 560 632; x_wconf 85' lang='lat' dir='ltr'>vel</span> <span class='ocrx_word' id='word_1_35' title='bbox 579 593 659 632; x_wconf 85' lang='lat' dir='ltr'>crure</span> <span class='ocrx_word' id='word_1_36' title='bbox 678 580 728 631; x_wconf 90' lang='lat' dir='ltr'>aut</span> <span class='ocrx_word' id='word_1_37' title='bbox 746 577 784 630; x_wconf 88' lang='lat' dir='ltr'>ad</span> <span class='ocrx_word' id='word_1_38' title='bbox 798 576 964 631; x_wconf 81' lang='lat' dir='ltr'>umbilicum</span> <span class='ocrx_word' id='word_1_39' title='bbox 977 577 1004 631; x_wconf 85' lang='lat' dir='ltr'>ci</span> <span class='ocrx_word' id='word_1_40' title='bbox 1017 576 1067 644; x_wconf 91' lang='lat' dir='ltr'>qui</span> 
     </span>
     <span class='ocr_line' id='line_1_6' title="bbox 53 656 1094 728; baseline 0.003 -17"><span class='ocrx_word' id='word_1_41' title='bbox 53 658 130 713; x_wconf 89' lang='lat' dir='ltr'>dolet</span> <span class='ocrx_word' id='word_1_42' title='bbox 147 657 264 728; x_wconf 79' lang='lat' dir='ltr'>ligabis.</span> <span class='ocrx_word' id='word_1_43' title='bbox 292 657 440 712; x_wconf 80' lang='lat' dir='ltr'>miraberis</span> <span class='ocrx_word' id='word_1_44' title='bbox 458 656 621 712; x_wconf 86' lang='lat' dir='ltr'>remedium.</span> <span class='ocrx_word' id='word_1_45' title='bbox 647 656 773 711; x_wconf 85' lang='lat' dir='ltr'>radicem</span> <span class='ocrx_word' id='word_1_46' title='bbox 795 656 900 712; x_wconf 88' lang='lat' dir='ltr'>herbae</span> <span class='ocrx_word' id='word_1_47' title='bbox 919 656 1094 714; x_wconf 84' lang='lat' dir='ltr'>confervaes</span> 
     </span>
     <span class='ocr_line' id='line_1_7' title="bbox 53 732 1068 806; baseline -0.003 -15"><span class='ocrx_word' id='word_1_48' title='bbox 53 738 149 806; x_wconf 84' lang='lat' dir='ltr'>tundo,</span> <span class='ocrx_word' id='word_1_49' title='bbox 167 740 198 792; x_wconf 92' lang='lat' dir='ltr'>et</span> <span class='ocrx_word' id='word_1_50' title='bbox 217 740 324 792; x_wconf 88' lang='lat' dir='ltr'>stercus</span> <span class='ocrx_word' id='word_1_51' title='bbox 343 736 460 792; x_wconf 82' lang='lat' dir='ltr'>ovillum</span> <span class='ocrx_word' id='word_1_52' title='bbox 478 739 508 790; x_wconf 88' lang='lat' dir='ltr'>ct</span> <span class='ocrx_word' id='word_1_53' title='bbox 526 735 670 806; x_wconf 88' lang='lat' dir='ltr'>axungian</span> <span class='ocrx_word' id='word_1_54' title='bbox 688 735 719 789; x_wconf 92' lang='lat' dir='ltr'>in</span> <span class='ocrx_word' id='word_1_55' title='bbox 733 752 763 790; x_wconf 89' lang='lat' dir='ltr'>se</span> <span class='ocrx_word' id='word_1_56' title='bbox 781 735 876 804; x_wconf 79' lang='lat' dir='ltr'>misce,</span> <span class='ocrx_word' id='word_1_57' title='bbox 896 738 925 790; x_wconf 88' lang='lat' dir='ltr'>ct</span> <span class='ocrx_word' id='word_1_58' title='bbox 943 732 1006 791; x_wconf 80' lang='lat' dir='ltr'>lo‘co</span> <span class='ocrx_word' id='word_1_59' title='bbox 1022 735 1068 790; x_wconf 86' lang='lat' dir='ltr'>vol</span> 
     </span>
     <span class='ocr_line' id='line_1_8' title="bbox 54 815 1067 886; baseline -0.002 -15"><span class='ocrx_word' id='word_1_60' title='bbox 54 816 112 871; x_wconf 91' lang='lat' dir='ltr'>ossi</span> <span class='ocrx_word' id='word_1_61' title='bbox 128 816 220 872; x_wconf 80' lang='lat' dir='ltr'>fracto</span> <span class='ocrx_word' id='word_1_62' title='bbox 243 819 295 871; x_wconf 91' lang='lat' dir='ltr'>aut</span> <span class='ocrx_word' id='word_1_63' title='bbox 317 820 434 871; x_wconf 89' lang='lat' dir='ltr'>contuso</span> <span class='ocrx_word' id='word_1_64' title='bbox 458 815 570 885; x_wconf 89' lang='lat' dir='ltr'>impone</span> <span class='ocrx_word' id='word_1_65' title='bbox 593 819 622 870; x_wconf 88' lang='lat' dir='ltr'>ct</span> <span class='ocrx_word' id='word_1_66' title='bbox 643 832 738 885; x_wconf 87' lang='lat' dir='ltr'>panno</span> <span class='ocrx_word' id='word_1_67' title='bbox 763 816 932 886; x_wconf 88' lang='lat' dir='ltr'>constringe.</span> <span class='ocrx_word' id='word_1_68' title='bbox 960 832 1067 870; x_wconf 85' lang='lat' dir='ltr'>vermos</span> 
     </span>
     <span class='ocr_line' id='line_1_9' title="bbox 54 895 1067 966; baseline 0 -16"><span class='ocrx_word' id='word_1_69' title='bbox 54 897 158 951; x_wconf 86' lang='lat' dir='ltr'>terreni</span> <span class='ocrx_word' id='word_1_70' title='bbox 177 896 242 952; x_wconf 89' lang='lat' dir='ltr'>triti</span> <span class='ocrx_word' id='word_1_71' title='bbox 265 914 330 951; x_wconf 90' lang='lat' dir='ltr'>cum</span> <span class='ocrx_word' id='word_1_72' title='bbox 351 896 435 952; x_wconf 88' lang='lat' dir='ltr'>mello</span> <span class='ocrx_word' id='word_1_73' title='bbox 458 895 585 966; x_wconf 83' lang='lat' dir='ltr'>impositi</span> <span class='ocrx_word' id='word_1_74' title='bbox 608 896 696 951; x_wconf 88' lang='lat' dir='ltr'>etiam</span> <span class='ocrx_word' id='word_1_75' title='bbox 715 911 779 949; x_wconf 90' lang='lat' dir='ltr'>ossa</span> <span class='ocrx_word' id='word_1_76' title='bbox 797 895 888 950; x_wconf 84' lang='lat' dir='ltr'>fracta</span> <span class='ocrx_word' id='word_1_77' title='bbox 907 895 1067 950; x_wconf 88' lang='lat' dir='ltr'>extrahunt.</span> 
     </span>
     <span class='ocr_line' id='line_1_10' title="bbox 53 974 1024 1045; baseline 0 -17"><span class='ocrx_word' id='word_1_78' title='bbox 53 975 166 1030; x_wconf 88' lang='lat' dir='ltr'>lardum</span> <span class='ocrx_word' id='word_1_79' title='bbox 184 975 290 1030; x_wconf 88' lang='lat' dir='ltr'>elixum</span> <span class='ocrx_word' id='word_1_80' title='bbox 308 974 397 1045; x_wconf 90' lang='lat' dir='ltr'>alliga</span> <span class='ocrx_word' id='word_1_81' title='bbox 415 978 445 1029; x_wconf 88' lang='lat' dir='ltr'>ct</span> <span class='ocrx_word' id='word_1_82' title='bbox 462 974 535 1030; x_wconf 86' lang='lat' dir='ltr'>mira</span> <span class='ocrx_word' id='word_1_83' title='bbox 553 975 700 1030; x_wconf 83' lang='lat' dir='ltr'>celeritate</span> <span class='ocrx_word' id='word_1_84' title='bbox 718 974 841 1029; x_wconf 86' lang='lat' dir='ltr'>fractum</span> <span class='ocrx_word' id='word_1_85' title='bbox 859 974 1024 1029; x_wconf 82' lang='lat' dir='ltr'>consolidat.</span> 
     </span>
    </p>
   </div>
   <div class='ocr_carea' id='block_1_3' title="bbox 53 1116 1111 1903">
    <p class='ocr_par' dir='ltr' id='par_1_3' title="bbox 53 1116 1108 1267">
     <span class='ocr_line' id='line_1_11' title="bbox 53 1116 1108 1186; baseline 0.003 -16"><span class='ocrx_word' id='word_1_86' title='bbox 53 1117 99 1172; x_wconf 91' lang='lat' dir='ltr'>De</span> <span class='ocrx_word' id='word_1_87' title='bbox 128 1116 415 1186; x_wconf 84' lang='lat' dir='ltr'>percussionibus</span> <span class='ocrx_word' id='word_1_88' title='bbox 441 1133 541 1186; x_wconf 90' lang='lat' dir='ltr'>apum</span> <span class='ocrx_word' id='word_1_89' title='bbox 568 1116 787 1186; x_wconf 83' lang='lat' dir='ltr'>scorpionum</span> <span class='ocrx_word' id='word_1_90' title='bbox 814 1118 848 1170; x_wconf 88' lang='lat' dir='ltr'>et</span> <span class='ocrx_word' id='word_1_91' title='bbox 875 1119 1068 1170; x_wconf 89' lang='lat' dir='ltr'>ceterarum</span> <span class='ocrx_word' id='word_1_92' title='bbox 1083 1135 1108 1173; x_wconf 80' lang='lat' dir='ltr'>so</span> 
     </span>
     <span class='ocr_line' id='line_1_12' title="bbox 185 1196 935 1267; baseline -0.001 -17"><span class='ocrx_word' id='word_1_93' title='bbox 185 1196 398 1267; x_wconf 81' lang='lat' dir='ltr'>serpentium</span> <span class='ocrx_word' id='word_1_94' title='bbox 416 1197 599 1266; x_wconf 63' lang='lat' dir='ltr'>(Llll-oidc</span> <span class='ocrx_word' id='word_1_95' title='bbox 617 1213 703 1265; x_wconf 73' lang='lat' dir='ltr'>supra</span> <span class='ocrx_word' id='word_1_96' title='bbox 721 1197 768 1250; x_wconf 76' lang='lat' dir='ltr'>Ad</span> <span class='ocrx_word' id='word_1_97' title='bbox 780 1196 806 1263; x_wconf 89' lang='lat' dir='ltr'>I,</span> <span class='ocrx_word' id='word_1_98' title='bbox 819 1199 935 1263; x_wconf 62' lang='lat' dir='ltr'>aaut).</span> 
     </span>
    </p>

    <p class='ocr_par' dir='ltr' id='par_1_4' title="bbox 55 1276 1111 1903">
     <span class='ocr_line' id='line_1_13' title="bbox 125 1276 1069 1346; baseline -0.002 -16"><span class='ocrx_word' id='word_1_99' title='bbox 125 1277 190 1331; x_wconf 78' lang='lat' dir='ltr'>huic</span> <span class='ocrx_word' id='word_1_100' title='bbox 208 1278 330 1346; x_wconf 80' lang='lat' dir='ltr'>capitulo</span> <span class='ocrx_word' id='word_1_101' title='bbox 348 1279 385 1331; x_wconf 83' lang='lat'>52</span> <span class='ocrx_word' id='word_1_102' title='bbox 404 1280 448 1345; x_wconf 94' lang='lat'>(=</span> <span class='ocrx_word' id='word_1_103' title='bbox 466 1277 564 1331; x_wconf 82' lang='lat' dir='ltr'>Tbeoct.</span> <span class='ocrx_word' id='word_1_104' title='bbox 583 1279 629 1344; x_wconf 72' lang='lat'>24)</span> <span class='ocrx_word' id='word_1_105' title='bbox 644 1277 682 1330; x_wconf 87' lang='lat' dir='ltr'>ad</span> <span class='ocrx_word' id='word_1_106' title='bbox 698 1277 780 1343; x_wconf 70' lang='lat' dir='ltr'>ficem</span> <span class='ocrx_word' id='word_1_107' title='bbox 801 1277 843 1330; x_wconf 82' lang='lat' dir='ltr'>ita</span> <span class='ocrx_word' id='word_1_108' title='bbox 861 1276 934 1344; x_wconf 81' lang='lat' dir='ltr'>(post</span> <span class='ocrx_word' id='word_1_109' title='bbox 953 1277 982 1328; x_wconf 90' lang='lat' dir='ltr'>et</span> <span class='ocrx_word' id='word_1_110' title='bbox 1005 1290 1069 1328; x_wconf 91' lang='lat' dir='ltr'>con·</span> 
     </span>
     <span class='ocr_line' id='line_1_14' title="bbox 55 1354 1069 1425; baseline -0.002 -17"><span class='ocrx_word' id='word_1_111' title='bbox 55 1354 136 1409; x_wconf 88' lang='lat' dir='ltr'>tinuo</span> <span class='ocrx_word' id='word_1_112' title='bbox 160 1355 267 1410; x_wconf 87' lang='lat' dir='ltr'>desinit</span> <span class='ocrx_word' id='word_1_113' title='bbox 290 1355 380 1425; x_wconf 86' lang='lat' dir='ltr'>dolor)</span> <span class='ocrx_word' id='word_1_114' title='bbox 401 1356 547 1411; x_wconf 79' lang='lat' dir='ltr'>subscribit</span> <span class='ocrx_word' id='word_1_115' title='bbox 570 1354 718 1410; x_wconf 61' lang='lat' dir='ltr'>mammam</span> <span class='ocrx_word' id='word_1_116' title='bbox 742 1357 840 1422; x_wconf 77' lang='lat' dir='ltr'>(rubr.)</span> <span class='ocrx_word' id='word_1_117' title='bbox 861 1354 1069 1409; x_wconf 84' lang='lat' dir='ltr'>Fonomenus</span> 
     </span>
     <span class='ocr_line' id='line_1_15' title="bbox 56 1433 1070 1505; baseline 0.001 -19"><span class='ocrx_word' id='word_1_118' title='bbox 56 1434 146 1489; x_wconf 87' lang='lat' dir='ltr'>liber</span> <span class='ocrx_word' id='word_1_119' title='bbox 163 1434 295 1505; x_wconf 89' lang='lat' dir='ltr'>primus</span> <span class='ocrx_word' id='word_1_120' title='bbox 314 1435 470 1505; x_wconf 88' lang='lat' dir='ltr'>explicit.</span> <span class='ocrx_word' id='word_1_121' title='bbox 507 1433 637 1505; x_wconf 88' lang='lat' dir='ltr'>Incipit</span> <span class='ocrx_word' id='word_1_122' title='bbox 656 1451 816 1489; x_wconf 88' lang='lat' dir='ltr'>oxcorum</span> <span class='ocrx_word' id='word_1_123' title='bbox 839 1433 930 1488; x_wconf 89' lang='lat' dir='ltr'>liber</span> <span class='ocrx_word' id='word_1_124' title='bbox 952 1450 1070 1488; x_wconf 90' lang='lat' dir='ltr'>secun·</span> 
     </span>
     <span class='ocr_line' id='line_1_16' title="bbox 57 1512 1111 1582; baseline 0.006 -16"><span class='ocrx_word' id='word_1_125' title='bbox 57 1514 126 1568; x_wconf 89' lang='lat' dir='ltr'>dus.</span> <span class='ocrx_word' id='word_1_126' title='bbox 155 1513 259 1568; x_wconf 81' lang='lat' dir='ltr'>Cuius</span> <span class='ocrx_word' id='word_1_127' title='bbox 282 1514 344 1568; x_wconf 89' lang='lat' dir='ltr'>hec</span> <span class='ocrx_word' id='word_1_128' title='bbox 363 1512 659 1569; x_wconf 88' lang='lat' dir='ltr'>cst&#39;continentia.</span> <span class='ocrx_word' id='word_1_129' title='bbox 688 1516 855 1570; x_wconf 79' lang='lat' dir='ltr'>multavere</span> <span class='ocrx_word' id='word_1_130' title='bbox 878 1519 1022 1582; x_wconf 80' lang='lat' dir='ltr'>praetcrea</span> <span class='ocrx_word' id='word_1_131' title='bbox 1040 1514 1071 1567; x_wconf 81' lang='lat' dir='ltr'>ia</span> <span class='ocrx_word' id='word_1_132' title='bbox 1086 1532 1111 1572; x_wconf 76' lang='lat'>15</span> 
     </span>
     <span class='ocr_line' id='line_1_17' title="bbox 57 1594 1072 1663; baseline -0.001 -15"><span class='ocrx_word' id='word_1_133' title='bbox 57 1595 112 1648; x_wconf 84' lang='lat' dir='ltr'>cod.</span> <span class='ocrx_word' id='word_1_134' title='bbox 130 1594 307 1649; x_wconf 69' lang='lat' dir='ltr'>Borolstrcasc&#39;</span> <span class='ocrx_word' id='word_1_135' title='bbox 324 1601 475 1663; x_wconf 75' lang='lat' dir='ltr'>scpwaotwr</span> <span class='ocrx_word' id='word_1_136' title='bbox 492 1594 551 1649; x_wconf 80' lang='lat' dir='ltr'>siue</span> <span class='ocrx_word' id='word_1_137' title='bbox 569 1596 665 1649; x_wconf 76' lang='lat' dir='ltr'>ordisse</span> <span class='ocrx_word' id='word_1_138' title='bbox 681 1598 740 1661; x_wconf 81' lang='lat' dir='ltr'>(acc</span> <span class='ocrx_word' id='word_1_139' title='bbox 759 1595 790 1648; x_wconf 83' lang='lat' dir='ltr'>ia</span> <span class='ocrx_word' id='word_1_140' title='bbox 808 1595 898 1648; x_wconf 76' lang='lat' dir='ltr'>indice</span> <span class='ocrx_word' id='word_1_141' title='bbox 916 1600 1013 1648; x_wconf 83' lang='lat' dir='ltr'>aotctc</span> <span class='ocrx_word' id='word_1_142' title='bbox 1025 1594 1072 1647; x_wconf 86' lang='lat' dir='ltr'>scd</span> 
     </span>
     <span class='ocr_line' id='line_1_18' title="bbox 56 1672 1072 1743; baseline -0.001 -16"><span class='ocrx_word' id='word_1_143' title='bbox 56 1681 116 1742; x_wconf 84' lang='lat' dir='ltr'>post</span> <span class='ocrx_word' id='word_1_144' title='bbox 129 1690 208 1743; x_wconf 75' lang='lat' dir='ltr'>puae,</span> <span class='ocrx_word' id='word_1_145' title='bbox 224 1675 321 1729; x_wconf 67' lang='lat' dir='ltr'>omaso</span> <span class='ocrx_word' id='word_1_146' title='bbox 334 1675 383 1728; x_wconf 82' lang='lat' dir='ltr'>illo</span> <span class='ocrx_word' id='word_1_147' title='bbox 401 1672 518 1742; x_wconf 83' lang='lat' dir='ltr'>explicit</span> <span class='ocrx_word' id='word_1_148' title='bbox 532 1674 599 1728; x_wconf 78' lang='lat' dir='ltr'>libri</span> <span class='ocrx_word' id='word_1_149' title='bbox 608 1675 704 1743; x_wconf 80' lang='lat' dir='ltr'>primi,</span> <span class='ocrx_word' id='word_1_150' title='bbox 723 1674 845 1729; x_wconf 79' lang='lat' dir='ltr'>addctwr</span> <span class='ocrx_word' id='word_1_151' title='bbox 858 1675 947 1728; x_wconf 82' lang='lat' dir='ltr'>altera</span> <span class='ocrx_word' id='word_1_152' title='bbox 964 1678 1072 1727; x_wconf 79' lang='lat' dir='ltr'>tautam</span> 
     </span>
     <span class='ocr_line' id='line_1_19' title="bbox 58 1751 1071 1823; baseline -0.003 -16"><span class='ocrx_word' id='word_1_153' title='bbox 58 1770 123 1820; x_wconf 81' lang='lat' dir='ltr'>pars</span> <span class='ocrx_word' id='word_1_154' title='bbox 140 1754 269 1808; x_wconf 71' lang='lat' dir='ltr'>manae</span> <span class='ocrx_word' id='word_1_155' title='bbox 293 1751 397 1823; x_wconf 86' lang='lat' dir='ltr'>incipit</span> <span class='ocrx_word' id='word_1_156' title='bbox 410 1752 490 1807; x_wconf 85' lang='lat' dir='ltr'>liber.</span> <span class='ocrx_word' id='word_1_157' title='bbox 505 1752 539 1807; x_wconf 88' lang='lat' dir='ltr'>H.</span> <span class='ocrx_word' id='word_1_158' title='bbox 559 1769 636 1807; x_wconf 90' lang='lat' dir='ltr'>oxea.</span> <span class='ocrx_word' id='word_1_159' title='bbox 664 1752 749 1808; x_wconf 83' lang='lat' dir='ltr'>Cuius</span> <span class='ocrx_word' id='word_1_160' title='bbox 763 1752 815 1807; x_wconf 87' lang='lat' dir='ltr'>hcc</span> <span class='ocrx_word' id='word_1_161' title='bbox 834 1756 878 1807; x_wconf 88' lang='lat' dir='ltr'>est</span> <span class='ocrx_word' id='word_1_162' title='bbox 896 1751 1071 1806; x_wconf 86' lang='lat' dir='ltr'>continentia</span> 
     </span>
     <span class='ocr_line' id='line_1_20' title="bbox 59 1832 903 1903; baseline 0.002 -18"><span class='ocrx_word' id='word_1_163' title='bbox 59 1835 146 1899; x_wconf 63' lang='lat'><em>1271)</em></span> <span class='ocrx_word' id='word_1_164' title='bbox 166 1833 247 1902; x_wconf 69' lang='lat' dir='ltr'>grenat</span> <span class='ocrx_word' id='word_1_165' title='bbox 263 1832 428 1889; x_wconf 79' lang='lat' dir='ltr'>Addcadc</span> <span class='ocrx_word' id='word_1_166' title='bbox 446 1834 612 1888; x_wconf 77' lang='lat' dir='ltr'>addendis</span> <span class='ocrx_word' id='word_1_167' title='bbox 629 1835 695 1888; x_wconf 82' lang='lat' dir='ltr'>haec</span> <span class='ocrx_word' id='word_1_168' title='bbox 715 1838 753 1903; x_wconf 88' lang='lat' dir='ltr'>(p.</span> <span class='ocrx_word' id='word_1_169' title='bbox 769 1837 806 1888; x_wconf 83' lang='lat'>67</span> <span class='ocrx_word' id='word_1_170' title='bbox 824 1834 903 1902; x_wconf 60' lang='lat' dir='ltr'>tam:</span> 
     </span>
    </p>
   </div>
   <div class='ocr_carea' id='block_1_4' title="bbox 62 1970 1113 3076">
    <p class='ocr_par' dir='ltr' id='par_1_5' title="bbox 62 1970 1113 3076">
     <span class='ocr_line' id='line_1_21' title="bbox 94 1970 1112 2043; baseline 0.004 -19"><span class='ocrx_word' id='word_1_171' title='bbox 94 1971 143 2024; x_wconf 79' lang='lat' dir='ltr'>Ad</span> <span class='ocrx_word' id='word_1_172' title='bbox 157 1970 311 2026; x_wconf 86' lang='lat' dir='ltr'>dolorem</span> <span class='ocrx_word' id='word_1_173' title='bbox 329 1972 387 2040; x_wconf 91' lang='lat' dir='ltr'>qui</span> <span class='ocrx_word' id='word_1_174' title='bbox 405 1989 444 2026; x_wconf 89' lang='lat' dir='ltr'>ex</span> <span class='ocrx_word' id='word_1_175' title='bbox 461 1972 565 2043; x_wconf 84' lang='lat' dir='ltr'>plaga</span> <span class='ocrx_word' id='word_1_176' title='bbox 584 1977 643 2028; x_wconf 90' lang='lat' dir='ltr'>aut</span> <span class='ocrx_word' id='word_1_177' title='bbox 661 1990 700 2028; x_wconf 88' lang='lat' dir='ltr'>ex</span> <span class='ocrx_word' id='word_1_178' title='bbox 718 1977 848 2028; x_wconf 83' lang='lat' dir='ltr'>tumore</span> <span class='ocrx_word' id='word_1_179' title='bbox 866 1973 1034 2043; x_wconf 88' lang='lat' dir='ltr'>provenit.</span> <span class='ocrx_word' id='word_1_180' title='bbox 1086 1990 1112 2028; x_wconf 77' lang='lat' dir='ltr'>ao</span> 
     </span>
     <span class='ocr_line' id='line_1_22' title="bbox 129 2051 1071 2124; baseline 0 -20"><span class='ocrx_word' id='word_1_181' title='bbox 129 2051 226 2106; x_wconf 86' lang='lat' dir='ltr'>Vitem</span> <span class='ocrx_word' id='word_1_182' title='bbox 244 2051 341 2106; x_wconf 90' lang='lat' dir='ltr'>albam</span> <span class='ocrx_word' id='word_1_183' title='bbox 359 2052 490 2107; x_wconf 89' lang='lat' dir='ltr'>combure</span> <span class='ocrx_word' id='word_1_184' title='bbox 513 2056 543 2107; x_wconf 89' lang='lat' dir='ltr'>et</span> <span class='ocrx_word' id='word_1_185' title='bbox 560 2053 606 2107; x_wconf 88' lang='lat' dir='ltr'>fac</span> <span class='ocrx_word' id='word_1_186' title='bbox 629 2053 785 2123; x_wconf 78' lang='lat' dir='ltr'>pulverem,</span> <span class='ocrx_word' id='word_1_187' title='bbox 810 2057 839 2108; x_wconf 87' lang='lat' dir='ltr'>et</span> <span class='ocrx_word' id='word_1_188' title='bbox 857 2053 1008 2124; x_wconf 83' lang='lat' dir='ltr'>axungiam</span> <span class='ocrx_word' id='word_1_189' title='bbox 1027 2070 1071 2105; x_wconf 89' lang='lat' dir='ltr'>ur-</span> 
     </span>
     <span class='ocr_line' id='line_1_23' title="bbox 66 2130 1071 2203; baseline 0.003 -21"><span class='ocrx_word' id='word_1_190' title='bbox 66 2130 151 2184; x_wconf 87' lang='lat' dir='ltr'>sinam</span> <span class='ocrx_word' id='word_1_191' title='bbox 168 2131 305 2187; x_wconf 83' lang='lat' dir='ltr'>misceat</span> <span class='ocrx_word' id='word_1_192' title='bbox 327 2131 447 2202; x_wconf 87' lang='lat' dir='ltr'>impone.</span> <span class='ocrx_word' id='word_1_193' title='bbox 485 2150 520 2187; x_wconf 89' lang='lat' dir='ltr'>ex</span> <span class='ocrx_word' id='word_1_194' title='bbox 538 2133 600 2203; x_wconf 91' lang='lat' dir='ltr'>ipso</span> <span class='ocrx_word' id='word_1_195' title='bbox 621 2133 713 2187; x_wconf 87' lang='lat' dir='ltr'>cinere</span> <span class='ocrx_word' id='word_1_196' title='bbox 736 2131 854 2186; x_wconf 86' lang='lat' dir='ltr'>lixivam</span> <span class='ocrx_word' id='word_1_197' title='bbox 877 2133 922 2188; x_wconf 88' lang='lat' dir='ltr'>fac</span> <span class='ocrx_word' id='word_1_198' title='bbox 945 2137 974 2188; x_wconf 90' lang='lat' dir='ltr'>ct</span> <span class='ocrx_word' id='word_1_199' title='bbox 997 2132 1071 2199; x_wconf 88' lang='lat' dir='ltr'>lava,</span> 
     </span>
     <span class='ocr_line' id='line_1_24' title="bbox 66 2210 1072 2282; baseline -0.001 -18"><span class='ocrx_word' id='word_1_200' title='bbox 66 2210 249 2265; x_wconf 76' lang='lat' dir='ltr'>certissimum</span> <span class='ocrx_word' id='word_1_201' title='bbox 267 2214 317 2267; x_wconf 87' lang='lat' dir='ltr'>est.</span> <span class='ocrx_word' id='word_1_202' title='bbox 344 2211 426 2266; x_wconf 88' lang='lat' dir='ltr'>item</span> <span class='ocrx_word' id='word_1_203' title='bbox 444 2214 486 2267; x_wconf 86' lang='lat' dir='ltr'>ad</span> <span class='ocrx_word' id='word_1_204' title='bbox 504 2212 650 2282; x_wconf 89' lang='lat' dir='ltr'>plagam.</span> <span class='ocrx_word' id='word_1_205' title='bbox 670 2211 849 2266; x_wconf 86' lang='lat' dir='ltr'>millefolium</span> <span class='ocrx_word' id='word_1_206' title='bbox 868 2230 930 2266; x_wconf 91' lang='lat' dir='ltr'>cum</span> <span class='ocrx_word' id='word_1_207' title='bbox 949 2210 1072 2280; x_wconf 88' lang='lat' dir='ltr'>axungia</span> 
     </span>
     <span class='ocr_line' id='line_1_25' title="bbox 67 2289 1072 2363; baseline 0.002 -21"><span class='ocrx_word' id='word_1_208' title='bbox 67 2289 129 2343; x_wconf 82' lang='lat' dir='ltr'>trita</span> <span class='ocrx_word' id='word_1_209' title='bbox 146 2294 177 2345; x_wconf 89' lang='lat' dir='ltr'>et</span> <span class='ocrx_word' id='word_1_210' title='bbox 195 2290 330 2361; x_wconf 88' lang='lat' dir='ltr'>imposita</span> <span class='ocrx_word' id='word_1_211' title='bbox 347 2292 418 2346; x_wconf 90' lang='lat' dir='ltr'>bene</span> <span class='ocrx_word' id='word_1_212' title='bbox 438 2295 528 2346; x_wconf 88' lang='lat' dir='ltr'>sanat.</span> <span class='ocrx_word' id='word_1_213' title='bbox 555 2292 693 2363; x_wconf 89' lang='lat' dir='ltr'>plantago</span> <span class='ocrx_word' id='word_1_214' title='bbox 707 2291 777 2346; x_wconf 89' lang='lat' dir='ltr'>trita</span> <span class='ocrx_word' id='word_1_215' title='bbox 791 2309 854 2346; x_wconf 89' lang='lat' dir='ltr'>cum</span> <span class='ocrx_word' id='word_1_216' title='bbox 872 2292 996 2362; x_wconf 88' lang='lat' dir='ltr'>axungia</span> <span class='ocrx_word' id='word_1_217' title='bbox 1009 2308 1072 2361; x_wconf 87' lang='lat' dir='ltr'>por-</span> 
     </span>
     <span class='ocr_line' id='line_1_26' title="bbox 66 2367 1113 2442; baseline 0.006 -21"><span class='ocrx_word' id='word_1_218' title='bbox 66 2367 125 2423; x_wconf 86' lang='lat' dir='ltr'>cina</span> <span class='ocrx_word' id='word_1_219' title='bbox 142 2370 248 2440; x_wconf 85' lang='lat' dir='ltr'>plagae</span> <span class='ocrx_word' id='word_1_220' title='bbox 265 2371 426 2439; x_wconf 78' lang='lat' dir='ltr'>frequenter</span> <span class='ocrx_word' id='word_1_221' title='bbox 443 2371 578 2441; x_wconf 90' lang='lat' dir='ltr'>imposita</span> <span class='ocrx_word' id='word_1_222' title='bbox 601 2372 632 2425; x_wconf 90' lang='lat' dir='ltr'>in</span> <span class='ocrx_word' id='word_1_223' title='bbox 653 2389 758 2442; x_wconf 92' lang='lat' dir='ltr'>paucos</span> <span class='ocrx_word' id='word_1_224' title='bbox 783 2371 843 2426; x_wconf 88' lang='lat' dir='ltr'>dies</span> <span class='ocrx_word' id='word_1_225' title='bbox 863 2375 953 2426; x_wconf 90' lang='lat' dir='ltr'>sanat.</span> <span class='ocrx_word' id='word_1_226' title='bbox 991 2370 1073 2426; x_wconf 91' lang='lat' dir='ltr'>item</span> <span class='ocrx_word' id='word_1_227' title='bbox 1088 2388 1113 2427; x_wconf 80' lang='lat' dir='ltr'>aa</span> 
     </span>
     <span class='ocr_line' id='line_1_27' title="bbox 67 2446 1074 2521; baseline 0.004 -22"><span class='ocrx_word' id='word_1_228' title='bbox 67 2446 221 2504; x_wconf 86' lang='lat' dir='ltr'>infusura</span> <span class='ocrx_word' id='word_1_229' title='bbox 244 2451 287 2504; x_wconf 86' lang='lat' dir='ltr'>ad</span> <span class='ocrx_word' id='word_1_230' title='bbox 308 2451 452 2521; x_wconf 88' lang='lat' dir='ltr'>plagam.</span> <span class='ocrx_word' id='word_1_231' title='bbox 481 2451 579 2505; x_wconf 89' lang='lat' dir='ltr'>vinum</span> <span class='ocrx_word' id='word_1_232' title='bbox 597 2455 626 2506; x_wconf 92' lang='lat' dir='ltr'>et</span> <span class='ocrx_word' id='word_1_233' title='bbox 648 2451 741 2506; x_wconf 92' lang='lat' dir='ltr'>oleum</span> <span class='ocrx_word' id='word_1_234' title='bbox 763 2450 809 2505; x_wconf 85' lang='lat' dir='ltr'>fac</span> <span class='ocrx_word' id='word_1_235' title='bbox 832 2451 936 2506; x_wconf 90' lang='lat' dir='ltr'>bullire</span> <span class='ocrx_word' id='word_1_236' title='bbox 960 2450 1074 2506; x_wconf 92' lang='lat' dir='ltr'>insimul</span> 
     </span>
     <span class='ocr_line' id='line_1_28' title="bbox 67 2529 1073 2602; baseline 0.001 -20"><span class='ocrx_word' id='word_1_237' title='bbox 67 2530 92 2580; x_wconf 80' lang='lat' dir='ltr'>et</span> <span class='ocrx_word' id='word_1_238' title='bbox 108 2529 195 2584; x_wconf 88' lang='lat' dir='ltr'>misce</span> <span class='ocrx_word' id='word_1_239' title='bbox 215 2547 280 2583; x_wconf 91' lang='lat' dir='ltr'>cum</span> <span class='ocrx_word' id='word_1_240' title='bbox 296 2530 359 2599; x_wconf 91' lang='lat' dir='ltr'>pice</span> <span class='ocrx_word' id='word_1_241' title='bbox 377 2548 480 2600; x_wconf 88' lang='lat' dir='ltr'>graeca</span> <span class='ocrx_word' id='word_1_242' title='bbox 499 2534 528 2585; x_wconf 91' lang='lat' dir='ltr'>et</span> <span class='ocrx_word' id='word_1_243' title='bbox 550 2531 694 2601; x_wconf 87' lang='lat' dir='ltr'>pulverem</span> <span class='ocrx_word' id='word_1_244' title='bbox 718 2548 802 2601; x_wconf 86' lang='lat' dir='ltr'>super</span> <span class='ocrx_word' id='word_1_245' title='bbox 823 2531 939 2602; x_wconf 88' lang='lat' dir='ltr'>plagam</span> <span class='ocrx_word' id='word_1_246' title='bbox 959 2531 1073 2586; x_wconf 89' lang='lat' dir='ltr'>semina.</span> 
     </span>
     <span class='ocr_line' id='line_1_29' title="bbox 66 2605 1075 2680; baseline 0.004 -21"><span class='ocrx_word' id='word_1_247' title='bbox 66 2605 144 2662; x_wconf 85' lang='lat' dir='ltr'>item</span> <span class='ocrx_word' id='word_1_248' title='bbox 162 2609 206 2663; x_wconf 86' lang='lat' dir='ltr'>ad</span> <span class='ocrx_word' id='word_1_249' title='bbox 230 2625 363 2663; x_wconf 86' lang='lat' dir='ltr'>carnem</span> <span class='ocrx_word' id='word_1_250' title='bbox 385 2611 567 2679; x_wconf 85' lang='lat' dir='ltr'>putridam.</span> <span class='ocrx_word' id='word_1_251' title='bbox 601 2611 669 2664; x_wconf 90' lang='lat' dir='ltr'>ficus</span> <span class='ocrx_word' id='word_1_252' title='bbox 693 2610 782 2664; x_wconf 88' lang='lat' dir='ltr'>siccas</span> <span class='ocrx_word' id='word_1_253' title='bbox 808 2611 1027 2680; x_wconf 82' lang='lat' dir='ltr'>tragacantham</span> <span class='ocrx_word' id='word_1_254' title='bbox 1047 2614 1075 2664; x_wconf 87' lang='lat' dir='ltr'>et</span> 
     </span>
     <span class='ocr_line' id='line_1_30' title="bbox 67 2686 819 2759; baseline 0.008 -20"><span class='ocrx_word' id='word_1_255' title='bbox 67 2686 106 2739; x_wconf 86' lang='lat' dir='ltr'>sal</span> <span class='ocrx_word' id='word_1_256' title='bbox 123 2691 184 2742; x_wconf 84' lang='lat' dir='ltr'>tere</span> <span class='ocrx_word' id='word_1_257' title='bbox 203 2688 317 2743; x_wconf 84' lang='lat' dir='ltr'>fortiter</span> <span class='ocrx_word' id='word_1_258' title='bbox 335 2693 364 2744; x_wconf 88' lang='lat' dir='ltr'>et</span> <span class='ocrx_word' id='word_1_259' title='bbox 380 2706 453 2759; x_wconf 88' lang='lat' dir='ltr'>pone</span> <span class='ocrx_word' id='word_1_260' title='bbox 473 2707 556 2759; x_wconf 89' lang='lat' dir='ltr'>super</span> <span class='ocrx_word' id='word_1_261' title='bbox 574 2689 679 2744; x_wconf 89' lang='lat' dir='ltr'>malam</span> <span class='ocrx_word' id='word_1_262' title='bbox 699 2707 819 2746; x_wconf 89' lang='lat' dir='ltr'>carnem.</span> 
     </span>
     <span class='ocr_line' id='line_1_31' title="bbox 131 2767 1113 2839; baseline 0 -19"><span class='ocrx_word' id='word_1_263' title='bbox 131 2767 218 2822; x_wconf 89' lang='lat' dir='ltr'>item</span> <span class='ocrx_word' id='word_1_264' title='bbox 236 2769 278 2821; x_wconf 89' lang='lat' dir='ltr'>ad</span> <span class='ocrx_word' id='word_1_265' title='bbox 300 2768 438 2838; x_wconf 85' lang='lat' dir='ltr'>plagam</span> <span class='ocrx_word' id='word_1_266' title='bbox 461 2769 579 2824; x_wconf 86' lang='lat' dir='ltr'>celerius</span> <span class='ocrx_word' id='word_1_267' title='bbox 602 2769 774 2838; x_wconf 89' lang='lat' dir='ltr'>sanandam,</span> <span class='ocrx_word' id='word_1_268' title='bbox 794 2773 823 2824; x_wconf 91' lang='lat' dir='ltr'>et</span> <span class='ocrx_word' id='word_1_269' title='bbox 842 2769 1006 2839; x_wconf 82' lang='lat' dir='ltr'>sanguinem</span> <span class='ocrx_word' id='word_1_270' title='bbox 1027 2783 1073 2820; x_wconf 86' lang='lat' dir='ltr'>vo·</span> <span class='ocrx_word' id='word_1_271' title='bbox 1088 2786 1113 2823; x_wconf 83' lang='lat' dir='ltr'>so</span> 
     </span>
     <span class='ocr_line' id='line_1_32' title="bbox 64 2845 1073 2918; baseline -0.004 -17"><span class='ocrx_word' id='word_1_272' title='bbox 64 2847 215 2901; x_wconf 87' lang='lat' dir='ltr'>mentibus.</span> <span class='ocrx_word' id='word_1_273' title='bbox 246 2847 364 2902; x_wconf 87' lang='lat' dir='ltr'>mirifice</span> <span class='ocrx_word' id='word_1_274' title='bbox 391 2848 514 2918; x_wconf 85' lang='lat' dir='ltr'>stringit.</span> <span class='ocrx_word' id='word_1_275' title='bbox 548 2849 631 2903; x_wconf 90' lang='lat' dir='ltr'>detur</span> <span class='ocrx_word' id='word_1_276' title='bbox 657 2867 722 2902; x_wconf 92' lang='lat' dir='ltr'>cum</span> <span class='ocrx_word' id='word_1_277' title='bbox 748 2849 815 2902; x_wconf 78' lang='lat' dir='ltr'>vino</span> <span class='ocrx_word' id='word_1_278' title='bbox 844 2852 963 2902; x_wconf 86' lang='lat' dir='ltr'>austero.</span> <span class='ocrx_word' id='word_1_279' title='bbox 991 2845 1073 2915; x_wconf 84' lang='lat' dir='ltr'>gypsi</span> 
     </span>
     <span class='ocr_line' id='line_1_33' title="bbox 64 2927 1073 2997; baseline -0.006 -15"><span class='ocrx_word' id='word_1_280' title='bbox 64 2927 134 2982; x_wconf 83' lang='lat' dir='ltr'>cocti</span> <span class='ocrx_word' id='word_1_281' title='bbox 148 2940 186 2985; x_wconf 84' lang='lat'>÷</span> <span class='ocrx_word' id='word_1_282' title='bbox 199 2927 235 2995; x_wconf 80' lang='lat' dir='ltr'>II,</span> <span class='ocrx_word' id='word_1_283' title='bbox 254 2927 385 2982; x_wconf 87' lang='lat' dir='ltr'>mastices</span> <span class='ocrx_word' id='word_1_284' title='bbox 399 2941 435 2988; x_wconf 85' lang='lat'>÷</span> <span class='ocrx_word' id='word_1_285' title='bbox 449 2929 483 2997; x_wconf 88' lang='lat' dir='ltr'>H,</span> <span class='ocrx_word' id='word_1_286' title='bbox 502 2927 593 2982; x_wconf 91' lang='lat' dir='ltr'>libani</span> <span class='ocrx_word' id='word_1_287' title='bbox 608 2942 641 2986; x_wconf 79' lang='grc' dir='ltr'>-ῖ-</span> <span class='ocrx_word' id='word_1_288' title='bbox 651 2929 684 2983; x_wconf 92' lang='grc' dir='ltr'>Π.</span> <span class='ocrx_word' id='word_1_289' title='bbox 710 2932 770 2982; x_wconf 87' lang='lat' dir='ltr'>tere</span> <span class='ocrx_word' id='word_1_290' title='bbox 785 2927 936 2997; x_wconf 87' lang='lat' dir='ltr'>diligenter</span> <span class='ocrx_word' id='word_1_291' title='bbox 950 2929 979 2980; x_wconf 86' lang='lat' dir='ltr'>et</span> <span class='ocrx_word' id='word_1_292' title='bbox 993 2941 1073 2978; x_wconf 84' lang='lat' dir='ltr'>corne</span> 
     </span>
     <span class='ocr_line' id='line_1_34' title="bbox 62 3002 1073 3076; baseline -0.007 -16"><span class='ocrx_word' id='word_1_293' title='bbox 62 3011 89 3060; x_wconf 80' lang='lat' dir='ltr'>et</span> <span class='ocrx_word' id='word_1_294' title='bbox 106 3008 192 3061; x_wconf 76' lang='lat' dir='ltr'>mitte</span> <span class='ocrx_word' id='word_1_295' title='bbox 210 3006 242 3059; x_wconf 90' lang='lat' dir='ltr'>in</span> <span class='ocrx_word' id='word_1_296' title='bbox 255 3005 379 3076; x_wconf 70' lang='lat' dir='ltr'>plagam,</span> <span class='ocrx_word' id='word_1_297' title='bbox 397 3008 503 3062; x_wconf 91' lang='lat' dir='ltr'>bonum</span> <span class='ocrx_word' id='word_1_298' title='bbox 517 3011 568 3062; x_wconf 86' lang='lat' dir='ltr'>est.</span> <span class='ocrx_word' id='word_1_299' title='bbox 596 3008 679 3062; x_wconf 88' lang='lat' dir='ltr'>item</span> <span class='ocrx_word' id='word_1_300' title='bbox 693 3007 809 3076; x_wconf 88' lang='lat' dir='ltr'>pulvis</span> <span class='ocrx_word' id='word_1_301' title='bbox 828 3007 870 3061; x_wconf 90' lang='lat' dir='ltr'>ad</span> <span class='ocrx_word' id='word_1_302' title='bbox 888 3002 1073 3059; x_wconf 79' lang='lat' dir='ltr'>cicatrices</span> 
     </span>
    </p>
   </div>
   <div class='ocr_carea' id='block_1_5' title="bbox 58 3180 1076 3597">
    <p class='ocr_par' dir='ltr' id='par_1_6' title="bbox 58 3180 1076 3597">
     <span class='ocr_line' id='line_1_35' title="bbox 131 3180 1072 3254; baseline -0.004 -16"><span class='ocrx_word' id='word_1_303' title='bbox 131 3182 369 3252; x_wconf 71' lang='lat' dir='ltr'>loemcpitenb.</span> <span class='ocrx_word' id='word_1_304' title='bbox 424 3183 564 3254; x_wconf 87' lang='lat' dir='ltr'>5ligabis</span> <span class='ocrx_word' id='word_1_305' title='bbox 582 3186 659 3240; x_wconf 81' lang='lat' dir='ltr'>sict.</span> <span class='ocrx_word' id='word_1_306' title='bbox 716 3183 846 3237; x_wconf 86' lang='lat' dir='ltr'>conferbe</span> <span class='ocrx_word' id='word_1_307' title='bbox 861 3184 884 3236; x_wconf 88' lang='lat' dir='ltr'>b.</span> <span class='ocrx_word' id='word_1_308' title='bbox 942 3185 1034 3233; x_wconf 75' lang='lat' dir='ltr'>losso</span> <span class='ocrx_word' id='word_1_309' title='bbox 1050 3180 1072 3234; x_wconf 79' lang='lat' dir='ltr'>b.</span> 
     </span>
     <span class='ocr_line' id='line_1_36' title="bbox 62 3250 1074 3337; baseline -0.005 -30"><span class='ocrx_word' id='word_1_310' title='bbox 62 3261 92 3307; x_wconf 88' lang='lat'>11</span> <span class='ocrx_word' id='word_1_311' title='bbox 110 3256 271 3337; x_wconf 55' lang='lat' dir='ltr'>“tls-‚Mi</span> <span class='ocrx_word' id='word_1_312' title='bbox 286 3272 322 3309; x_wconf 75' lang='lat' dir='ltr'>ea</span> <span class='ocrx_word' id='word_1_313' title='bbox 339 3256 434 3336; x_wconf 73' lang='lat' dir='ltr'>c(aoa</span> <span class='ocrx_word' id='word_1_314' title='bbox 446 3258 533 3325; x_wconf 80' lang='lat' dir='ltr'>plena</span> <span class='ocrx_word' id='word_1_315' title='bbox 551 3263 627 3310; x_wconf 74' lang='lat' dir='ltr'>catat</span> <span class='ocrx_word' id='word_1_316' title='bbox 645 3258 676 3309; x_wconf 77' lang='lat' dir='ltr'>ta</span> <span class='ocrx_word' id='word_1_317' title='bbox 692 3257 707 3310; x_wconf 83' lang='lat' dir='ltr'>b</span> <span class='ocrx_word' id='word_1_318' title='bbox 721 3255 763 3309; x_wconf 90' lang='lat' dir='ltr'>Dc</span> <span class='ocrx_word' id='word_1_319' title='bbox 776 3250 1074 3330; x_wconf 28' lang='lat' dir='ltr'>percussionibusuapd</span> 
     </span>
     <span class='ocr_line' id='line_1_37' title="bbox 58 3325 1075 3454; baseline -0.009 0"><span class='ocrx_word' id='word_1_320' title='bbox 58 3325 357 3454; x_wconf 42' lang='lat' dir='ltr'>&amp;sommiormlcfi</span> <span class='ocrx_word' id='word_1_321' title='bbox 375 3327 476 3450; x_wconf 38' lang='lat' dir='ltr'>mdlllb·</span> <span class='ocrx_word' id='word_1_322' title='bbox 488 3396 544 3451; x_wconf 86' lang='lat' dir='ltr'>isco</span> <span class='ocrx_word' id='word_1_323' title='bbox 564 3332 615 3452; x_wconf 77' lang='lat' dir='ltr'>b20</span> <span class='ocrx_word' id='word_1_324' title='bbox 634 3343 667 3380; x_wconf 61' lang='lat' dir='ltr'>ex</span> <span class='ocrx_word' id='word_1_325' title='bbox 680 3326 802 3450; x_wconf 49' lang='lat' dir='ltr'>lltuitbbi</span> <span class='ocrx_word' id='word_1_326' title='bbox 820 3327 859 3450; x_wconf 66' lang='lat' dir='ltr'>la</span> <span class='ocrx_word' id='word_1_327' title='bbox 886 3325 1075 3448; x_wconf 48' lang='lat' dir='ltr'>rutrlbclrlelil.</span> 
     </span>
     <span class='ocr_line' id='line_1_38' title="bbox 59 3416 1076 3597; baseline -0.009 -72"><span class='ocrx_word' id='word_1_328' title='bbox 59 3442 203 3597; x_wconf 50' lang='lat' dir='ltr'>magos</span> <span class='ocrx_word' id='word_1_329' title='bbox 268 3416 887 3536; x_wconf 48' lang='lat' dir='ltr'>&#39;as&#39;gypsucoltufimasur...1iba1iu</span> <span class='ocrx_word' id='word_1_330' title='bbox 907 3466 930 3519; x_wconf 78' lang='lat' dir='ltr'>s.</span> <span class='ocrx_word' id='word_1_331' title='bbox 1004 3469 1038 3517; x_wconf 82' lang='lat' dir='ltr'>aa</span> <span class='ocrx_word' id='word_1_332' title='bbox 1057 3464 1076 3516; x_wconf 78' lang='lat' dir='ltr'>u</span> 
     </span>
    </p>
   </div>
   <div class='ocr_carea' id='block_1_6' title="bbox 0 0 1213 3922">
    <p class='ocr_par' dir='ltr' id='par_1_7' title="bbox 0 0 1213 3922">
     <span class='ocr_line' id='line_1_39' title="bbox 0 0 1213 3922; baseline 0 0"><span class='ocrx_word' id='word_1_333' title='bbox 0 0 1213 3922; x_wconf 95' lang='lat' dir='ltr'> </span> 
     </span>
    </p>
   </div>
  </div>
 </body>
</html>
