2392 3922
69 182 135 246 355
438 179 523 232 noo.
542 178 730 231 sumnam.

66 357 155 410 pusca
174 339 291 392 decocta
317 337 450 391 emendat
468 335 599 403 fetorem,
623 334 647 388 si
670 334 732 403 ipse
756 349 839 387 sucus
864 351 930 387 cum
950 334 1083 415 cocleari-o

67 420 160 474 mellis
178 418 318 472 mittatur.
339 416 409 470 item
422 415 545 470 hederae
560 431 642 469 sucus
656 413 767 468 colatus
781 413 900 467 naribus
919 413 1082 468 infunditur.

67 500 136 553 item
161 496 362 551 aristolochiae
386 511 468 548 sucus
492 512 555 548 cum
579 510 695 563 cypero,
722 493 770 547 vel
798 493 973 549 draconteae
996 510 1085 548 semen

66 597 130 633 cum
148 578 232 632 melle
251 577 367 631 inditur.
393 577 463 630 item
482 574 520 628 ad
542 573 655 627 narium
673 572 900 642 graveolentiam
919 574 1084 628 draconteae

39 670 52 711 a
68 676 150 712 sucus
170 674 233 711 cum
251 655 335 710 melle
350 654 517 724 infunditur,
537 669 668 722 quaeres
683 651 981 709 etiamcarcinomata
1000 656 1083 708 sanat.

415 762 487 815 Item
505 761 547 815 ad
566 760 735 830 polypum.

138 851 297 906 Aeraminis
313 851 395 905 rubei
409 850 560 904 limaturae
574 863 610 910 ÷
623 850 645 918 1,
667 847 838 902 ammoniaci
851 862 888 907 ÷
901 849 937 918 H,
957 849 1083 903 aluminis

67 933 182 986 rotundi
200 947 237 991 -:-
250 933 290 986 III
311 936 340 987 et
360 931 435 986 aceti
448 931 521 984 acris
541 928 650 997 cotyles
666 928 712 982 VI.
733 927 828 981 omnia
847 927 924 982 sicca
942 928 1015 983 te'ris
1029 946 1085 983 cum

69 1015 150 1067 aceto
170 1012 330 1082 diligenter,
350 1011 440 1065 mittis
459 1010 490 1062 in
508 1008 642 1079 pyxidem
660 1023 773 1062 aeream
791 1010 821 1062 et
839 1007 935 1077 agitas
956 1009 994 1063 dc
1011 1009 1084 1078 virga

31 1105 57 1144 ro
72 1109 155 1147 aerea
174 1093 212 1147 ad
231 1092 319 1147 solem
338 1108 426 1160 usque
451 1090 518 1144 dum
537 1088 665 1142 siccetur.
691 1087 793 1141 deinde
816 1087 886 1141 teris
905 1088 937 1140 in
955 1088 1084 1144 mortario

70 1172 203 1227 thebaico
223 1176 252 1226 et
270 1172 383 1241 reponis
399 1171 430 1224 in
442 1186 511 1224 vase
528 1167 618 1223 fictili.
638 1167 753 1235 quando
772 1169 869 1221 autem
888 1184 982 1238 curas,
1001 1167 1084 1222 mittis

69 1251 215 1320 pulverem
234 1251 264 1304 in
281 1267 376 1319 penna
390 1249 457 1317 <vel
474 1249 505 1302 in
519 1264 610 1302 canna
629 1246 750 1317 subtili>
764 1248 793 1300 et
808 1245 905 1301 sufflas
919 1247 951 1300 in
965 1248 1084 1314 naribus,

70 1330 113 1383 ita
140 1334 237 1384 tamen
264 1332 297 1383 ut
324 1346 354 1384 os
383 1329 443 1383 eius
465 1328 544 1398 prius
570 1344 646 1396 aqua
673 1325 780 1396 frigida
807 1325 964 1396 impleatur
992 1328 1084 1382 diebus

70 1408 287 1463 canicularibus.
314 1425 410 1462 mense
433 1425 499 1462 vero
528 1406 682 1477 septembri
710 1422 807 1460 curare
830 1406 952 1476 incipies
977 1407 1021 1462 ita
1042 1423 1085 1478 per

29 1497 55 1536 15
70 1487 130 1541 dics
149 1490 214 1540 tres.
235 1504 252 1540 a
270 1487 337 1540 vino
362 1490 391 1540 et
415 1503 498 1540 carne
517 1490 547 1542 et
566 1505 583 1541 a
601 1486 713 1557 frigidis
740 1486 896 1555 abstineat,
921 1491 1027 1555 quarta
1045 1487 1085 1540 die

68 1583 125 1619 non
144 1568 232 1620 cenet.
258 1565 358 1634 quinta
382 1582 448 1619 vero
473 1566 597 1635 accipiat
615 1565 726 1620 hieram
743 1563 920 1636 Archigenis.
944 1570 1013 1637 post
1032 1567 1085 1620 dics

70 1649 165 1700 autem
178 1648 236 1698 tres
250 1662 355 1714 purgas
371 1647 457 1714 caput
471 1645 531 1698 eius
547 1645 595 1700 sic.
615 1645 727 1699 ieiunus
741 1644 934 1714 pertriduum
951 1647 1086 1701 masticen

69 1725 271 1780 commasticet.
287 1741 351 1778 cum
364 1724 423 1778 iam
437 1741 536 1794 spuere
552 1725 684 1794 coeperit,
705 1723 787 1778 addis
801 1724 847 1778 illi
861 1726 980 1781 stafidos
996 1727 1085 1796 agrias

70 1822 189 1876 granum
202 1822 297 1875 unum,
316 1804 683 1878 postlmodicumlalterum,
705 1803 807 1858 deinde
820 1805 946 1875 tertium,
967 1807 1007 1860 ad
1025 1806 1086 1860 ulti-

30 1896 56 1934 so
69 1904 146 1938 mum
171 1887 310 1954 quartum.
339 1885 406 1940 inde
433 1901 499 1939 vero
528 1885 651 1939 secunda
681 1885 727 1939 die
755 1884 875 1954 incipies
898 1886 936 1945 ab
960 1903 1019 1941 uno
1040 1903 1086 1956 per

71 1965 207 2035 ordinem,
227 1965 300 2019 sicut
318 1964 393 2035 heri,
412 1981 501 2033 usque
520 1966 558 2019 ad
576 1964 708 2032 quintum
725 1965 879 2035 perveniet,
899 1969 929 2020 et
947 1966 1004 2021 hoc
1023 1983 1086 2036 quo-

71 2116 826 2241 aa¹ltit⁸tl⁶⁰dd⁰ttltllpttll“ulle
840 2117 1086 2245 tddtldltl

71 2259 153 2312 Plio.
165 2276 194 2327 p.
209 2261 255 2326 23,
270 2261 388 2325 19-24,
407 2261 424 2311 3
443 2258 521 2327 Lips.
541 2257 837 2327 babetMarc.p.112,
858 2261 1014 2316 16-1911.
1031 2262 1089 2329 (cot

70 2346 104 2383 ca
113 2330 149 2383 αἰ.
159 2330 782 2397 footeeademproccedcatp.112,7.13-16).
798 2331 831 2396 cf.
838 2346 924 2398 capra
932 2332 1007 2400 adp.
1014 2337 1059 2399 45,
1065 2336 1088 2386 5.

70 2405 87 2451 3
103 2398 256 2471 astrologip
266 2418 288 2454 r.
340 2398 475 2451 4inditur
485 2400 522 2453 P:
536 2399 666 2452 medetur
679 2417 702 2454 r.
746 2398 816 2453 item
826 2405 872 2468 (ccc
885 2402 921 2455 cl.
936 2402 970 2469 f.)
988 2403 1028 2456 ad
1041 2420 1089 2457 na·

70 2469 144 2521 rium
171 2485 257 2536 grave
285 2469 375 2522 fetore
404 2467 545 2522 olentibus
570 2471 633 2539 (εἰσ)
653 2488 669 2525 r
688 2470 769 2539 (Item
796 2471 835 2524 ad
861 2470 973 2525 narium
1001 2489 1089 2542 grave

71 2538 207 2591 olentiam
226 2540 259 2607 P,
278 2541 329 2593 aba*
347 2537 454 2592 -tium
473 2541 530 2594 cod.
550 2541 597 2611 B).
681 2541 865 2596 demoniaca
882 2561 905 2597 r.
979 2544 1090 2598 8acris

72 2608 210 2676 (Bamb.).·
229 2608 287 2662 acri
305 2612 359 2663 rP.
433 2609 528 2663 omnia
546 2627 596 2666 om.
617 2612 649 2666 P.
724 2618 739 2665 9
755 2612 973 2682 diligentissime
987 2615 1089 2671 cht.

142 2680 172 2731 et
189 2677 281 2732 mittis
301 2680 333 2734 P.
413 2679 549 2734 buxidem
566 2684 619 2737 rP.
695 2687 729 2736 10
748 2684 785 2737 ad
804 2684 892 2738 solem
909 2685 1041 2742 rBamb.:
1060 2687 1092 2740 in

71 2748 130 2803 sole
150 2750 182 2803 P.
260 2749 347 2804 siccet
365 2751 464 2805 Bomb.
557 2758 590 2807 11
610 2753 724 2807 tobaico
742 2755 841 2811 Bamb.
861 2757 920 2826 (qui
938 2756 1003 2811 add.
1025 2757 1091 2810 dili-

71 2823 193 2891 genter):
212 2820 327 2889 tybaico
346 2840 369 2902 r,
388 2839 438 2877 om.
459 2823 492 2877 P.
554 2826 584 2878 et
602 2842 630 2879 r:
649 2827 715 2893 post
733 2825 786 2880 hec
805 2828 837 2882 P.
902 2843 952 2880 vas
967 2827 1052 2881 fictili
1065 2847 1089 2884 r.

73 2897 105 2945 12
125 2892 171 2947 vel
189 2891 208 2946 i.
228 2909 251 2948 c.
271 2891 371 2947 subtili
390 2895 453 2948 add.
474 2894 507 2949 P.
634 2897 664 2948 et
681 2895 818 2951 insufians
836 2897 868 2951 in
886 2914 968 2952 nares
987 2899 1090 2954 Bamb.

72 2967 164 3033 (aures
184 2964 229 3033 P).
312 2969 346 3018 14
365 2964 537 3034 septembrio
554 2984 578 3035 r,
597 2966 732 3020 setembri
750 2967 849 3022 Bamb.
869 2968 1024 3036 (decembri
1044 2971 1090 3040 P).

73 3051 171 3089 curare
191 3036 227 3090 P:
247 3051 312 3089 cure
331 3053 353 3090 r.
415 3042 448 3089 16
467 3039 549 3090 cenet
567 3043 582 3091 'r
602 3037 666 3104 (P):
685 3039 775 3089 cesset
793 3037 892 3092 Bamb.
948 3039 1051 3108 quinta
1065 3041 1095 3094 P

72 3107 210 3175 (Bamb.):
228 3106 281 3160 hoc
302 3109 363 3175 (εἰσ)
383 3125 407 3161 r.
496 3106 578 3160 hiera
597 3109 659 3174 (εἰσ)
679 3107 792 3160 Bamb:
811 3122 861 3161 orn.
880 3126 904 3162 r.
997 3112 1092 3166 archi-

72 3177 166 3244 genis:
186 3179 225 3232 sic
242 3179 356 3233 chmb,
368 3179 474 3246 (geram
493 3175 637 3246 antigonia
655 3177 699 3246 Ρ).
794 3180 827 3228 17
847 3181 944 3233 autem
963 3184 1027 3250 (εἰσ)
1049 3184 1091 3238 Ρ.-

72 3251 148 3314 (post
165 3247 343 3318 Archigenis)
357 3266 380 3303 r.
435 3247 583 3301 masticem
600 3265 623 3315 r,
641 3261 723 3299 -ces
742 3246 842 3300 Bamb.
917 3254 950 3303 18
970 3253 1090 3309 stafidas

74 3319 137 3386 (sic)
158 3318 252 3388 agrias
270 3320 383 3373 Balad:
403 3317 563 3388 stafisagria
580 3317 669 3386 r(P).
768 3320 802 3368 19
820 3321 886 3386 post
904 3320 932 3372 P
950 3322 1091 3392 (Bamb.).·

72 3403 123 3454 per
140 3406 163 3443 r.
273 3395 307 3443 20
326 3388 392 3442 inde
410 3408 438 3444 r:
457 3387 487 3441 in
507 3388 553 3442 die
572 3388 604 3443 P.
695 3387 832 3441 secunda
852 3389 944 3446 dier:
963 3397 1088 3450 secundo

72 3457 181 3527 Bamb,
202 3459 274 3513 -da
293 3460 326 3513 P.
399 3464 433 3511 21
453 3458 527 3512 sicut
544 3457 606 3513 heri
623 3477 651 3514 r:
670 3474 719 3512 om.
740 3457 772 3510 P.
852 3460 997 3527 quintum:
1016 3482 1088 3523 corr.

73 3528 225 3592 quartum?
296 3528 442 3597 perveniet
456 3529 554 3584 Bamb.
571 3533 632 3597 (om.
653 3528 703 3598 P):
723 3543 787 3582 -es
805 3547 828 3584 r.
902 3531 955 3586 hoc
974 3550 1088 3603 quoque
