2392 3922
70 170 136 236 280
402 173 748 227 assumo-mnonom

68 329 187 386 fasciola
205 328 282 383 linea
300 328 400 399 ligato.
429 332 505 399 quod
524 346 613 399 usque
631 330 758 386 tndnum
776 329 844 385 inde
862 347 900 386 ne
917 332 1021 403 solvas,
1038 333 1082 388 sed

69 412 104 466 de
123 408 286 479 supradicto
311 414 391 465 aceto
416 427 525 481 semper
543 410 670 466 infunde.
706 410 761 465 hoc
782 427 851 466 vero
874 411 1021 468 adiutorio
1038 412 1082 467 ad·

67 490 161 544 hibito
180 505 231 543 nec
250 489 281 543 in
299 493 438 545 tumorem
456 490 545 560 plaga
562 489 667 559 veniet,
686 494 716 546 et
728 492 829 560 postea
845 490 980 546 celeriter
998 495 1081 547 sanat.

67 624 115 679 Ad
128 624 153 691 1,
167 627 203 678 21
219 628 281 693 (68)
297 625 558 694 cinnamomum
570 625 610 680 sic
623 625 741 681 mesot
759 627 789 680 b:
807 624 880 680 Sunt
894 624 986 680 etiam
1003 626 1081 680 haec

40 702 211 763 sadiutoria
228 703 273 757 his
293 704 385 757 causis
405 703 554 774 aptissima
573 704 625 758 sub
649 721 706 759 una
729 704 835 760 virtute
852 705 1015 776 medentia,
1038 705 1081 760 sed

66 782 144 837 varie
159 783 324 853 composita,
343 800 462 851 quarum
475 784 688 854 perseverantia
702 783 834 840 effectum
846 784 1020 840 facillimum
1033 803 1080 841 ex·

449 864 542 932 perti
562 866 698 935 sumusz)

137 941 268 996 Verbena
285 942 375 996 herba
394 942 517 997 contrita
532 946 561 999 et
574 943 710 1013 imposita
727 943 846 998 mirifice
859 944 987 1014 prodest.
1014 961 1081 1014 aqua

66 1021 115 1076 ubi
136 1022 230 1076 caules
251 1022 360 1076 decocti
380 1025 446 1076 sunt
464 1023 564 1092 tepida
582 1023 607 1076 si
625 1023 689 1078 loca
707 1023 770 1094 ipsa
788 1024 938 1095 sementes,
964 1029 995 1081 et
1011 1025 1081 1096 ipsos

26 1102 162 1160 rccaules
191 1102 310 1156 detritos
335 1102 380 1156 bis
404 1103 434 1155 in
458 1102 504 1156 die
532 1102 674 1173 imponas,
699 1103 845 1158 vulnera
869 1105 1032 1160 recentia
1053 1107 1082 1159 et

65 1184 187 1236 vetera
206 1184 239 1236 et
262 1181 406 1236 fistulas
431 1184 520 1237 sanat.
549 1183 631 1237 bulbi
650 1183 713 1238 triti
732 1181 785 1237 soli
808 1184 846 1237 ad
872 1183 979 1259 uulnus
1003 1183 1082 1256 gluti·

65 1261 191 1315 nandum
215 1261 420 1331 adhibeantur,
446 1261 668 1332 experimentum
687 1266 737 1318 est.
774 1263 840 1317 rubi
862 1262 915 1318 flos
938 1263 986 1319 vel
1009 1280 1082 1318 mora

65 1340 200 1409 imposita
220 1341 298 1410 trita,
320 1341 381 1396 sine
400 1341 567 1397 collectione
585 1342 704 1397 vulnera
721 1342 848 1398 recentia
867 1346 960 1399 sanat.
998 1343 1083 1398 lintea

65 1424 146 1485 aceto
165 1420 260 1476 infusa
280 1420 339 1475 sale
357 1421 426 1476 trito
446 1421 581 1476 ammixto
600 1422 735 1492 imposita
748 1421 949 1493 pertriduum,
968 1423 1082 1479 vulnera

25 1520 50 1560 rs
65 1502 139 1557 ferro
159 1504 255 1556 secata
273 1500 460 1558 intumescere
479 1518 537 1555 non
554 1501 665 1571 patitur
679 1504 708 1556 et
722 1503 760 1556 ad
774 1501 929 1557 sanitatem
947 1502 1007 1557 cito
1025 1519 1082 1574 per·

65 1581 151 1636 ducit.
185 1597 271 1636 vena
290 1581 402 1636 incisa
421 1582 450 1635 si
473 1580 595 1651 fuerit,
619 1581 738 1636 floccum
759 1598 933 1652 purpureum
956 1582 1082 1654 alligato,

65 1663 94 1715 et
112 1678 178 1715 mox
196 1660 312 1716 claudit.
342 1660 427 1714 calcis
441 1660 535 1730 pulvis
551 1661 698 1731 appositus
712 1662 766 1716 hoc
779 1660 857 1716 idem
870 1660 950 1726 facit.
977 1678 1082 1718 venae

65 1740 204 1795 solutae
223 1740 253 1795 si
272 1740 408 1795 fuerint
427 1742 477 1793 aut
495 1740 569 1794 ferro
584 1741 692 1795 incisae
706 1745 735 1796 et
749 1740 865 1812 sanguis
879 1741 1017 1812 restringi
1030 1759 1083 1796 non

63 1820 178 1890 poterit,
196 1820 394 1890 plantaginem
407 1820 506 1874 tritam
525 1837 608 1890 super
623 1820 752 1890 alligato,
771 1821 924 1890 probatum
937 1825 991 1877 est.
1016 1822 1083 1878 folia

24 1917 50 1958 eo
64 1900 205 1955 verbenae
223 1901 293 1954 trita
313 1917 376 1954 oum
395 1899 519 1969 axungia
537 1899 685 1970 imponito,
705 1901 804 1956 statim
820 1904 911 1955 sanat.
932 1901 956 1955 si
975 1901 1084 1956 scillam

63 1997 169 2050 purgas
189 1983 218 2034 et
237 1980 373 2035 interiora
392 1980 452 2034 eius
475 1982 574 2034 tenera
596 1979 627 2033 in
649 1980 738 2049 pilam
760 1979 852 2034 mittis
871 1982 955 2035 etex
974 1980 1039 2036 oleo
1056 1982 1084 2034 et

63 2059 130 2114 vino
149 2059 285 2129 psyHium
303 2063 452 2115 contusum
470 2077 521 2130 pro
545 2060 718 2129 malagmate
742 2059 864 2128 imponis
884 2061 913 2113 et
931 2059 1020 2116 tertio
1040 2059 1084 2113 die

62 2138 190 2208 resolvis,
209 2139 328 2194 vulnera
347 2139 472 2194 recentia
489 2139 618 2207 quamvis
632 2138 792 2209 periculosa
810 2140 840 2192 et
857 2154 960 2193 nervos
979 2138 1084 2192 incisos

64 2220 94 2272 et
114 2235 178 2272 ossa
197 2217 374 2273 consolidare
394 2221 540 2288 expertum
559 2223 609 2274 est.
645 2219 741 2273 fimum
759 2218 898 2273 bubulum
916 2234 982 2272 oum
999 2218 1084 2274 melle

24 2313 50 2354 ao
65 2302 192 2355 recentes
211 2300 312 2369 plagas
331 2299 406 2353 ferro
425 2299 516 2353 factas
536 2302 626 2353 sanat.
660 2298 768 2352 viscum
783 2296 924 2366 axungiae
943 2296 975 2350 in
992 2296 1085 2351 unciis

38 2416 40 2420 -
63 2378 139 2432 binis
159 2378 243 2432 simul
263 2378 416 2433 contritum
430 2378 559 2448 alligato,
579 2378 672 2448 aperit
690 2380 829 2447 expurgat
847 2375 957 2430 claudit
975 2379 1006 2430 et
1023 2392 1085 2447 per-

64 2462 154 2514 sanat.
188 2458 258 2513 item
280 2458 373 2512 mellis
396 2458 493 2527 butyri
515 2458 626 2512 resinae
651 2458 749 2512 uncias
773 2460 868 2511 ternas
893 2455 979 2509 simul
1002 2457 1086 2510 deco·

62 2538 126 2607 quis
146 2542 176 2593 et
194 2539 357 2593 commisces
378 2539 467 2592 donec
482 2537 556 2591 inse
575 2540 684 2606 coeant,
705 2539 733 2591 et
751 2535 901 2590 linteolum
919 2534 1040 2605 intingis
1055 2538 1086 2589 et

63 2617 174 2673 vulneri
192 2618 323 2688 imponis,
343 2634 441 2672 carnes
462 2618 496 2672 de
516 2618 578 2670 loco
598 2634 648 2671 suo
667 2620 790 2672 remotas
808 2616 885 2670 intra
902 2617 906 2684 Ι
923 2617 960 2684 (p.
969 2617 1015 2684 47)
1033 2613 1084 2669 tn‘·

23 2711 50 2751 eo
64 2698 152 2751 duum
170 2697 297 2768 glutinat
315 2699 344 2751 et
364 2699 489 2751 comesta
507 2696 554 2750 vel
573 2714 643 2751 cava
661 2697 765 2766 replet,
789 2700 818 2751 et
840 2696 913 2749 mira
936 2695 1084 2750 eeleritate

65 2793 165 2832 sanare
188 2779 297 2831 certum
320 2780 370 2832 est.
412 2776 509 2829 fimum
533 2777 682 2830 sorofinum
709 2777 816 2830 illitum
843 2775 962 2830 vulnera
991 2777 1080 2829 sanat.

64 2858 169 2913 herbae
188 2857 328 2911 verbenae
347 2856 418 2910 folia
437 2856 496 2910 sive
515 2856 639 2909 ramulos
659 2856 718 2910 eius
737 2855 902 2910 tenerrimos
922 2854 990 2909 vino
1009 2855 1083 2910 bono

65 2940 161 2991 coctos
184 2939 213 2992 et
239 2936 323 2991 tritos
351 2935 503 3005 imponito,
531 2934 633 2988 vulnus
658 2935 750 3004 aperit
778 2939 807 2989 et
830 2937 976 3003 expurgat.
1015 2935 1083 2988 item

141 3164 156 3211 2
176 3174 260 3228 supra
279 3156 363 3211 dictis
382 3158 406 3211 b.
480 3160 496 3208 3
515 3173 567 3226 seq.
587 3173 633 3224 sp.
655 3155 756 3249 Thapsi.
776 3153 957 3208 Glutinantia
975 3171 1082 3211 vero...

67 3269 101 3318 ra
121 3267 219 3319 secata
239 3265 300 3332 (sa)
321 3266 344 3318 o.
419 3267 452 3315 19
479 3279 512 3315 su
561 3260 681 3330 alligata
699 3225 723 3334 i
742 3270 791 3320 ÷.
847 3265 881 3312 ao
900 3259 969 3314 triae
989 3263 1013 3316 c.

66 3334 201 3402 squillam
219 3338 242 3391 b.
298 3339 331 3388 21
346 3332 443 3387 mittes
458 3334 488 3387 et
502 3280 558 3386 oiei
573 3335 602 3386 et
616 3332 675 3385 vini
693 3331 821 3401 psillium
835 3331 858 3384 b.
929 3336 963 3384 22
982 3339 1084 3400 iponcs

124 3406 300 3462 resolvesb..
337 3411 372 3459 24
392 3402 558 3475 expitireb.
603 3403 802 3471 fimum(ss'c)b.
849 3407 882 3455 26
898 3402 1083 3464 anaII÷b.

65 3475 158 3530 cludit
176 3478 199 3531 b.
295 3481 329 3530 27
349 3474 433 3529 Bitiri
451 3477 475 3529 b.
585 3491 640 3527 ana
658 3475 697 3527 ΠΙ
716 3475 788 3533 ÷b.
899 3471 1040 3540 decoquas
1060 3475 1084 3527 b.

66 3551 100 3600 28
120 3547 243 3602 oohcant
262 3549 285 3602 b.
359 3545 506 3615 intinges.
523 3589 528 3600 .
545 3553 665 3614 ‚ipones
684 3547 708 3600 b.
