2392 3922
524 175 713 230 GYNAEOIA.

86 330 205 383 rebium
223 331 351 384 nostrum
367 347 415 385 vc·
443 332 516 386 endo
535 331 713 387 calefaciant.
734 335 766 386 ut

87 399 237 454 stiendum
263 400 415 456 caleficcrit
444 405 473 456 ct
497 405 597 458 astum.
621 403 668 457 vel
691 403 766 457 calo·
880 420 883 428 ·

88 473 119 524 et
133 470 237 525 statim
250 489 268 525 a
282 471 355 526 soles
369 489 415 526 ca·
442 489 503 528 rem
518 473 585 528 solis
600 473 707 528 viciare
722 491 766 528 ce-

89 541 165 596 lores
184 542 330 597 cerebrum
348 559 414 597 eun-
442 544 525 599 rebro
536 561 594 598 non
607 545 764 613 permittat.

91 612 157 666 dem
172 612 308 668 defendat
321 631 357 668 ne
373 614 414 669 vi-

90 682 183 738 cietur

126 827 166 894 (4)
184 824 259 880 huic.
279 842 333 893 que
350 842 415 880 con·
478 829 515 896 (4)
523 826 590 880 huic
598 827 765 896 ergocalva-
829 829 866 897 (4)
885 829 935 882 ubi
949 846 1015 884 vero
1032 831 1116 899 galea

90 895 415 966 tenenturspiritalisvi-
442 896 502 952 riae
528 898 677 953 subiacent
694 901 765 953 tem-
794 900 843 953 est.
874 899 1023 955 subiacent
1050 902 1116 956 tim-

90 964 135 1020 nis
169 965 278 1048 cerebri
312 967 415 1035 quibus
442 985 519 1037 pora.
534 969 764 1052 ouaeucontinen·
791 985 925 1051 peraque
936 971 1116 1052 continentur

92 1039 416 1190 resonuit
442 1040 765 1181 {torretorre
792 1040 1116 1183 eufisicius

89 1197 110 1248 p
132 1195 151 1234 o
164 1181 272 1234 vestrta
285 1181 415 1234 uts1ou-
441 1181 530 1251 positi
540 1182 766 1252 suntsupercilia
792 1181 887 1251 posita
919 1186 985 1237 sunt
1020 1201 1115 1253 super-

90 1249 199 1376 ffim'
243 1250 329 1304 sudor
385 1267 417 1306 er
441 1251 509 1322 pilis
536 1253 651 1308 vestita.
674 1256 718 1307 ¹ut
741 1252 766 1307 si
793 1252 867 1307 cilia.
890 1256 923 1308 ut
942 1253 966 1307 si
985 1255 1115 1324 copiosus

133 1331 184 1376 nte
199 1320 346 1375 diravatus
387 1339 415 1377 e·
442 1323 572 1393 copiosus
606 1324 691 1378 sudor
714 1341 766 1393 per
793 1324 879 1378 sudor
892 1324 980 1379 fronti
994 1327 1115 1381 advene-

91 1392 129 1446 rit
138 1395 279 1462 opposcta
289 1392 415 1448 stacione
442 1393 565 1449 frontem
619 1395 764 1449 derivatus
792 1395 838 1450 rit.
872 1396 1004 1466 obposita
1041 1401 1115 1452 osta-

91 1462 216 1532 pilorum
246 1465 415 1519 contenean-
442 1465 765 1535 fixeritpositafactione
792 1466 871 1521 tione
888 1467 1013 1537 pilorum
1026 1469 1115 1523 conti-

92 1538 139 1588 tur
148 1536 247 1589 amuto
255 1534 344 1604 polici
358 1535 415 1590 col-
441 1536 565 1606 pilorum
577 1536 764 1592 contineatur.
792 1540 882 1594 netur.
893 1539 982 1594 donec
990 1543 1115 1595 extensus

92 1604 176 1660 lictus
210 1605 296 1660 sudor
325 1605 414 1660 oculis
443 1608 533 1662 donec
552 1607 648 1662 omnia
669 1610 765 1662 amato
793 1609 878 1663 sudor
888 1610 925 1664 ab
937 1611 1025 1664 oculis
1038 1612 1115 1666 aufe-

93 1677 216 1731 subesse.
224 1678 413 1746 nonpossent.
441 1677 535 1748 police
558 1678 693 1733 collectus
720 1696 765 1732 su·
793 1681 879 1734 ratur.

443 1751 602 1804 dornooero
609 1765 667 1804 non
674 1749 765 1819 possit

443 1820 557 1877 occulis.

125 1979 164 2047 (t)
203 1975 286 2031 Oculi
320 1979 416 2032 autem
479 1982 516 2049 (5)
545 1978 637 2034 occuli
670 1981 766 2032 autem
827 1981 865 2048 (5)
899 1978 975 2033 oculi
1003 1996 1115 2046 quoqne

89 2047 146 2116 ipsi
165 2046 247 2102 vulvi
261 2051 415 2102 contenun-
442 2050 512 2105 inse
522 2050 702 2105 continentur
710 2050 765 2102 hoc
792 2049 847 2104 iste
875 2051 998 2104 scemate
1027 2050 1115 2104 conti-

89 2119 290 2186 turquomodo
304 2135 339 2173 ex
351 2119 416 2173 basi
442 2122 526 2177 modo
542 2121 663 2175 exbase.
678 2120 766 2174 idest
792 2122 902 2175 nentur.
918 2137 953 2174 ex
961 2137 1030 2174 vaso
1040 2120 1116 2173 enim

90 2190 206 2244 cerebro
244 2190 300 2243 dno
341 2189 416 2244 fora·
442 2191 473 2245 in
491 2192 675 2246 fundamento
691 2207 765 2245 cere·
793 2191 1115 2246 cerebriforaminaorta

89 2277 174 2315 mena
208 2259 338 2314 oriuntur
365 2277 416 2329 per
442 2262 488 2316 bri
529 2264 584 2317 duo
626 2261 766 2316 foramina
794 2265 859 2316 sunt
878 2263 942 2316 duo.
961 2279 1115 2331 perquam

90 2348 146 2399 qne
169 2330 337 2385 tenuissime
368 2347 416 2385 ve·
444 2332 580 2387 oriuntur.
608 2349 659 2402 per
682 2349 766 2400 quem
792 2333 958 2405 tenuissime
968 2349 1038 2402 vene
1050 2334 1115 2386 dex-

89 2419 145 2456 nae
164 2401 201 2456 de
214 2404 297 2471 parte
317 2402 416 2456 dextra
443 2403 608 2458 tenuissime
636 2419 707 2457 vene
734 2403 765 2456 in
793 2407 838 2459 tra
856 2404 976 2472 levaque
998 2403 1115 2457 alternis

89 2473 120 2526 in
153 2475 286 2527 senextra
316 2475 345 2526 et
381 2473 415 2526 de
443 2477 524 2544 parte
543 2475 659 2528 dextera
680 2476 710 2527 et
728 2475 764 2527 si·
793 2475 824 2529 in
846 2475 938 2530 vicem
961 2475 1001 2528 sio
1027 2474 1116 2528 conti-

90 2546 225 2597 senextra
247 2543 278 2596 in
297 2543 417 2598 alteram
442 2545 533 2599 nistra
563 2544 667 2598 bulbus
700 2561 765 2598 ocu·
792 2549 897 2600 nentur

89 2616 205 2737 fortem
227 2613 332 2668 bulbus
352 2631 416 2668 ocu·
443 2615 535 2670 lorum
553 2615 687 2671 continet.

101 2702 186 2739 orum
222 2686 415 2739 contenentur.

90 2754 175 2809 bulbi
184 2754 342 2824 antomipsi
351 2772 416 2809 con·
443 2756 525 2810 bulbi
533 2758 629 2810 autem
637 2754 693 2824 ipsi
701 2772 767 2810 con·
793 2758 888 2813 tonice
908 2760 980 2812 sunt.
996 2758 1055 2811 ΙΠΙ,
1070 2757 1116 2811 vel

90 2827 227 2880 tenentur
241 2825 345 2879 tunicis
356 2826 416 2881 ΠΠ,
444 2826 767 2893 tinenturtonicisquin-
796 2829 836 2884 .V.
843 2829 936 2897 prima
949 2828 1053 2882 tonica.
1068 2845 1117 2896 ap-

91 2901 141 2950 vel
152 2897 187 2951 V.
208 2899 238 2951 et
251 2896 416 2951 humoribus
444 2914 498 2966 quc
531 2899 561 2951 et
592 2897 767 2951 humoribus.
795 2899 919 2969 pellatur
944 2898 1116 2965 cerotoydes.

91 2966 195 3021 tribus.
208 2967 301 3036 prima
316 2969 360 3022 cst
373 2969 418 3021 tu·
444 2968 536 3037 prima
564 2967 662 3022 tonica
685 2984 768 3022 voca·
796 2968 1117 3035 secundacroydester-

91 3038 159 3091 nica
183 3053 239 3105 que
267 3038 417 3107 apellatur.
444 3041 499 3095 tur.
519 3038 617 3093 citato.
645 3039 768 3093 secunda
813 3040 863 3093 tia.
891 3039 1091 3105 honoeroydes.

93 3108 241 3162 cheratho.
261 3108 357 3163 idest.
376 3125 418 3162 se·
444 3126 522 3178 rogo.
555 3108 642 3163 tortia
671 3110 769 3162 archa·
796 3113 906 3178 quarta.
961 3108 1115 3175 discoydes.

92 3180 196 3235 cunda.
234 3197 313 3248 rugo.
346 3179 416 3234 ides.
445 3198 519 3234 num.
550 3182 653 3247 quarta
681 3179 767 3235 disco.
796 3180 904 3249 quinta.
947 3176 1116 3232 christalloi-

92 3248 185 3304 tercia
228 3266 342 3332 aragne.
387 3249 418 3302 id
431 3229 433 3293 l
446 3250 546 3319 quinta
564 3250 700 3319 kapister.
798 3253 854 3305 des.

93 3323 138 3375 est
148 3323 254 3388 quarta
267 3320 417 3375 drscuides.

93 3390 197 3514 {uinta
221 3391 380 3461 capistello.
399 3391 418 3445 i.

116 3478 154 3516 es.

198 3551 316 3620 mro)
553 3550 664 3618 Iuro
917 3548 1000 3617 vro

149 3649 287 3690 'theodorus
301 3649 443 3696 Ptiscionus,
457 3648 491 3689 ed.
505 3649 584 3690 aoso.
743 3691 745 3695 ,
922 3642 957 3692 28
