2392 3922
135 149 200 214 192
454 152 646 205 THEODORI
663 153 844 207 PRISGIANI

133 323 293 378 remaneat.
340 320 389 379 cni
408 324 523 396 partem
546 315 643 378 mobis
666 317 805 380 similiter
827 321 1004 405 miscemus,
1027 328 1058 382 et
1081 340 1152 382 con·

134 406 261 485 ficimus,
284 413 314 480 et
337 409 460 467 utimur.
1136 443 1155 480 0

79 488 122 552 92
222 494 331 573 quibus
349 514 420 556 vero
434 495 572 574 flegmate
586 504 798 574 supernatante
816 497 989 576 frequenter
1009 507 1150 560 acescunt

134 581 207 663 cibi,
229 582 277 644 his
300 583 441 645 bubulam
464 584 530 644 dari
557 584 667 645 suadeo
690 593 721 645 et
745 592 844 646 cetera
870 588 1000 665 agrestia
1027 605 1151 648 carnosa

105 670 280 733 ssimiliter.
330 680 398 753 post
428 691 502 752 quae
527 675 666 733 continuo
697 676 775 734 aceti
800 692 894 735 unum
922 674 1055 736 cocleare
1087 677 1152 736 dari

134 764 280 822 convenit.
328 780 432 823 omnes
455 764 657 823 amarissimae
680 781 717 823 ex
741 762 890 824 absinthio
913 764 1077 848 expediunt
1098 784 1151 845 po·

133 850 241 931 tiones,
263 858 298 911 ut
320 859 367 912 est
389 851 471 912 haec.
517 853 630 930 piperis
654 858 684 912 et
707 855 787 913 aneti
817 855 985 913 semuncias
1009 853 1150 934 singulas,

134 940 244 1017 cymini
266 943 327 1001 unt
339 939 401 1000 1111.
424 947 512 999 tunsa
532 946 565 1000 ‘et
588 938 740 1001 cribellata
762 943 950 1023 reponimus,
980 949 1011 1002 et
1034 961 1071 1003 ex
1094 943 1149 1003 hoc

133 1026 256 1106 pulvere
287 1047 382 1090 unum
414 1027 546 1088 cocleare
584 1047 652 1089 cum
685 1047 760 1107 aqua
792 1029 886 1089 calida
920 1032 1006 1109 potui
1038 1031 1149 1092 damus

94 1129 121 1169 10
135 1134 203 1176 cum
228 1117 387 1179 humanius
414 1116 447 1176 hi
473 1117 669 1197 profecerint,
696 1117 772 1178 dabo
795 1121 912 1200 picran,
941 1121 1092 1180 exercitiis
1118 1127 1147 1180 et

134 1205 349 1283 gestationibus
368 1205 605 1284 competentibus
623 1205 795 1288 imminebo,
813 1207 1029 1289 incertioribus
1044 1209 1146 1288 dropa-

134 1293 232 1375 cibus,
265 1297 439 1374 sinapismo,
472 1294 581 1373 quibus
614 1294 783 1356 stomachus
816 1298 985 1357 siccatusa
1013 1297 1147 1377 flegmate

135 1380 258 1444 liberari
280 1387 382 1464 possit.

81 1464 124 1529 93
221 1473 331 1550 quibus
354 1471 451 1533 calore
474 1473 567 1532 nimio
590 1473 788 1554 inquietatur,
815 1481 849 1534 nt
875 1473 949 1534 haec
976 1474 1082 1535 eadem
1105 1477 1150 1536 iu·

95 1570 120 1610 1⁵
133 1559 293 1622 flammatio
317 1562 461 1622 stomachi
484 1563 574 1622 etiam
592 1569 623 1621 et
641 1563 830 1640 superficiem
848 1563 937 1623 faciat
954 1562 1022 1642 plus
1043 1563 1150 1645 calere,

132 1655 168 1709 ut
190 1651 279 1711 etiam
300 1649 457 1712 choleram
484 1650 657 1728 frequenter
680 1653 830 1731 emittant,
856 1650 904 1711 his
931 1651 988 1711 hoc
1016 1653 1150 1713 remedio

134 1740 369 1801 succurrendum
396 1747 449 1800 cst
494 1740 635 1799 mastices
662 1741 723 1799 unc
741 1738 779 1819 ll,
807 1746 892 1800 rutae
921 1741 1018 1801 siccae
1045 1741 1107 1802 unc
1128 1741 1148 1802 l.

133 1832 222 1889 teres
259 1829 374 1909 pulveri
391 1835 425 1889 ut
442 1829 565 1888 trocisci
586 1828 659 1887 fiant
681 1827 846 1907 arnoglossi
870 1847 975 1890 sucum
999 1828 1149 1892 admisceo

134 1925 164 1979 et
186 1937 238 1979 eos
261 1921 293 1979 in
321 1917 446 1996 singulis
473 1916 621 1976 drachmis
648 1935 736 1996 paro,
764 1923 796 1978 ut
818 1936 855 1977 ex
882 1918 930 1977 his
957 1936 1052 1979 unum
1081 1938 1149 1980 cum

94 2015 121 2054 2⁰
134 2026 210 2087 aqua
234 2007 328 2068 calida
351 2008 506 2086 accipiant.

206 2184 221 2232 1
240 2179 402 2234 miscemus:
421 2175 560 2230 mittimus
575 2176 653 2231 ΝΒ
664 2177 722 2232 Gal.
782 2181 798 2229 3
812 2176 947 2246 flegmata
966 2176 1098 2246 (hamata
1109 2179 1147 2247 V)

134 2253 319 2320 supernatant
337 2250 499 2320 (-natante
512 2251 538 2318 r)
552 2248 643 2304 rVB:
662 2248 765 2320 flegma
784 2249 950 2317 supernatat
963 2250 993 2302 et
1010 2250 1025 2303 b
1041 2249 1148 2319 (phleg-

133 2322 210 2374 mate
230 2323 431 2390 supernatante
451 2321 528 2389 aas).
622 2320 756 2374 acescunt
772 2318 885 2374 rVBb:
904 2317 1071 2373 inacescnnt
1089 2322 1147 2377 θεῖ.

133 2398 150 2444 4
166 2398 229 2460 post
247 2392 305 2446 cibi
322 2411 374 2462 seq.
394 2392 487 2446 aliena
504 2392 536 2443 irs
550 2390 566 2443 b
580 2390 643 2458 (per
659 2407 752 2446 versus
766 2393 803 2460 6).
876 2391 905 2443 et
923 2391 1031 2444 ceteras
1051 2407 1148 2447 carnes

133 2464 259 2529 agrestes
275 2464 300 2519 b.
373 2460 545 2516 scoaleare:
563 2462 603 2514 sic
619 2461 698 2515 ΝΒ
709 2462 767 2517 Gal.
841 2462 938 2515 ttunc
952 2463 1029 2530 (post
1042 2467 1148 2533 omnes)

132 2533 196 2585 add.
217 2532 275 2586 Gal.
333 2532 428 2586 omnia
446 2529 623 2584 amarissima
641 2549 663 2586 r.
739 2537 754 2586 7
774 2534 882 2586 uterest
899 2531 971 2585 haec
993 2533 1024 2601 V,
1043 2532 1149 2587 Iterum

131 2600 203 2654 haec
216 2602 245 2654 B
258 2604 315 2672 (ri)
334 2603 386 2672 (sic
403 2620 441 2674 pp
455 2601 524 2660 -:-1.
545 2600 623 2654 aneti
642 2601 709 2658 S...
725 2605 760 2673 b),
778 2621 845 2658 nam
863 2605 892 2658 et
909 2602 1057 2673 piperis...
1070 2605 1148 2674 Get).

133 2676 150 2724 8
169 2683 204 2730 ÷
222 2672 270 2726 HI.
284 2691 307 2727 r.
416 2675 500 2726 tunsa
519 2674 548 2726 et
567 2671 729 2731 cribellata:
748 2676 788 2730 sic
805 2674 879 2730 ΝΒ
887 2675 945 2730 θεῖ.
960 2676 1021 2743 (oro.
1042 2677 1076 2744 b).

133 2749 149 2796 9
168 2743 338 2797 coclearium
355 2744 478 2813 ΝΜ,
498 2741 624 2798 cocleare
642 2745 678 2800 Β,
754 2751 786 2800 10
805 2745 837 2799 hi
850 2745 891 2817 (in
904 2745 941 2815 V)
960 2745 1025 2816 VB,
1044 2745 1111 2800 hinc
1125 2765 1148 2814 r,

132 2813 184 2868 hcc
198 2815 238 2883 (h)
258 2816 281 2870 b.
368 2815 466 2885 picran
485 2816 557 2870 Gela
575 2814 705 2885 pichram
727 2818 759 2886 V,
778 2817 890 2887 pigram
907 2817 980 2872 er.
1062 2823 1094 2871 12
1114 2834 1149 2872 ex

132 2885 234 2954 quibus
255 2888 278 2941 b.
353 2887 474 2941 siccatus
494 2887 590 2955 boet,
610 2886 732 2943 siccatus
751 2890 794 2941 est
811 2906 843 2944 r:
862 2906 912 2944 om.
937 2889 1002 2943 VB.
1059 2894 1093 2942 14
1106 2887 1148 2941 in·

132 2956 308 3026 quietabitur
324 2976 348 3012 r.
466 2961 498 3011 lb
522 2958 699 3014 stomachum
721 2957 808 3012 etiam
831 2960 861 3012 et
884 2957 1059 3028 superficiem
1082 2960 1147 3026 VB,

56 3055 60 3061 ·
132 3030 309 3084 stomachum
328 3028 416 3083 etism
433 3029 464 3083 in
482 3029 628 3098 superficie
646 3048 673 3098 r,
699 3028 837 3082 stomachi
860 3029 947 3082 etiam
973 3030 1148 3099 superficiem

134 3101 192 3155 Get.
212 3100 363 3169 (stomachi
380 3101 437 3156 inii.
457 3100 631 3169 superficiem
649 3100 667 3154 f.
686 3099 724 3169 pl.
745 3115 767 3153 c.
788 3101 822 3168 b).
886 3104 919 3152 16
938 3099 1053 3157 cholera
1070 3101 1148 3156 ΝΒ

132 3172 237 3239 (colera
256 3174 290 3242 b).
384 3177 416 3226 17
434 3171 560 3226 masticis
579 3170 656 3226 ΝΒ
674 3168 762 3240 psit
775 3171 809 3238 b).
885 3176 916 3224 18
935 3173 1017 3227 teres.
1036 3171 1148 3243 pulveri

132 3243 176 3310 (cf.
195 3249 227 3311 2,
246 3247 324 3314 108):
349 3244 530 3312 erupulauest
552 3243 584 3310 V,
608 3240 764 3310 enrnpulau
778 3240 847 3298 ÷1.
865 3241 893 3295 Β
912 3243 1020 3310 (eorum
1037 3242 1148 3314 pulveri

132 3314 209 3384 Get).
338 3319 443 3369 18-20
461 3313 529 3369 teris
548 3329 611 3367 cum
630 3328 696 3366 suco
716 3311 864 3380 arnoglose
883 3313 1056 3383 (ameglosse
1074 3316 1100 3384 r)
1119 3317 1148 3368 et

131 3382 219 3438 facies
231 3384 319 3454 (-cis
333 3389 359 3456 r)
377 3385 510 3439 trociscos
524 3387 572 3453 (afi
585 3396 620 3443 -2-
636 3383 671 3438 H.
685 3383 712 3452 r)
731 3384 760 3436 et
774 3382 856 3436 dabis
876 3400 939 3437 cum
958 3400 1034 3452 aqua
1052 3385 1148 3440 calida

130 3455 226 3594 slg'csprlp
239 3457 347 3525 (eontra
370 3457 429 3511 VB
440 3457 518 3525 Geli.
589 3452 733 3524 arnoglosi
755 3453 880 3522 V(-ssi
900 3455 982 3525 Gall:
1000 3457 1147 3527 —glossae

43 3578 46 3585 ,
201 3544 235 3580 r.
