2392 3922
467 186 735 239 normannum.
1041 186 1106 251 299

158 344 387 398 Verrucarum
405 359 531 413 genera
550 341 599 396 sic
618 344 758 398 curabis
777 347 811 398 et
825 344 951 399 clavos.
980 345 1106 398 Murinus

88 423 205 494 sanguis
228 422 352 477 illinitus
380 438 512 476 verrucas
539 421 625 477 tollit.
658 423 744 478 intibi
768 423 881 478 erratici
905 424 1002 480 florem
1024 443 1107 481 mane

88 502 201 557 ieiunus
220 501 310 572 legito
330 505 412 556 etex
431 517 464 556 eo
483 517 613 557 verrucas
633 502 796 572 confricato,
816 503 873 557 cito
893 508 982 559 sanat.
1012 504 1107 558 canini

91 582 151 636 lim
168 581 264 652 pulvis
283 599 348 635 cum
371 597 435 636 cera
459 581 581 636 illinitus
605 599 735 636 verrucas
755 585 845 636 sanat.
875 599 909 636 ex
927 583 1009 637 urina
1029 583 1106 637 canis

89 662 183 717 lutum
201 661 367 731 impositum
385 676 516 715 verrucas
540 664 569 716 et
588 662 683 716 clavos
707 661 838 730 extirpet.
867 679 1001 717 verrucae
1025 680 1059 716 ex
1078 678 1134 718 ses

89 743 211 810 cadunt,
236 741 261 795 si
285 758 349 794 cum
367 740 463 794 cunila
481 739 566 794 viridi
585 757 632 795 eas
655 740 739 795 friccs
762 741 883 796 assidue.
911 758 1042 796 verrucas
1061 759 1107 796 ex·

88 821 188 891 tirpas,
208 821 233 875 si
252 823 338 874 noctu
358 819 465 874 stillam
483 837 687 889 quamcumque
711 821 856 875 decurrere
875 820 988 890 videris,
1008 823 1107 876 eadem

89 900 152 955 loca
170 900 222 955 ubi
241 914 374 954 verrucae
393 902 460 953 sunt
478 900 616 970 detergas.
645 900 721 968 quod
741 899 765 953 si
784 900 861 953 nuda
879 917 965 954 manu
983 901 1105 970 terseris,

90 980 120 1034 in
137 997 256 1035 manum
272 982 428 1034 transeunt.
448 978 579 1048 lapillum
597 979 829 1048 qualemcumque
848 979 879 1032 in
896 979 966 1033 folio
984 980 1105 1035 hederae

89 1060 252 1114 involutum
270 1058 419 1191 invffieris,
438 1059 469 1111 in
486 1075 617 1113 verrucas
637 1061 787 1114 admoveto
811 1062 896 1127 atque
919 1058 1024 1113 celebri
1041 1059 1105 1113 loco
1120 1075 1145 1114 ιο

88 1138 219 1210 proicite,
238 1141 272 1192 ut
286 1154 321 1193 eu
364 1137 533 1207 quicumque
554 1138 702 1208 invenerit,
720 1139 819 1193 statim
835 1138 866 1191 in
880 1154 945 1192 eum
957 1141 1106 1194 transeant

90 1218 138 1288 qui
162 1236 228 1273 eum
250 1217 402 1287 levaverit,
430 1217 472 1272 ita
495 1221 592 1272 tamen
614 1222 647 1273 ut
669 1222 793 1287 quantae
815 1233 949 1271 verrucae
973 1221 1039 1272 sunt
1061 1221 1105 1272 tot

88 1298 204 1368 lapillos
232 1297 264 1350 in
291 1299 391 1352 eodem
415 1298 484 1352 folio
512 1297 654 1365 involvas,
683 1299 717 1352 de
743 1297 846 1366 quibus
873 1296 951 1367 prius
974 1314 1105 1352 verrucas

88 1383 197 1448 tanges.
227 1377 267 1432 fel
286 1377 440 1447 scorpionis
459 1377 561 1431 marini
579 1377 715 1431 illinitum
742 1394 872 1432 verrucas
895 1376 981 1432 tollit.
1009 1377 1105 1432 fimum

89 1456 283 1512 columbinum
315 1474 379 1510 cum
401 1459 483 1511 aceto
516 1457 574 1511 acri
608 1457 755 1513 decoctum
782 1458 820 1512 ad
852 1457 945 1512 mellis
974 1457 1106 1512 crassitu-
1120 1472 1146 1512 15

90 1538 184 1592 dinem
211 1536 270 1591 leni
297 1535 376 1606 igne,
406 1538 574 1606 perductum
600 1554 731 1591 verrucas
758 1537 817 1592 sive
849 1536 944 1590 clavos
973 1536 1104 1606 extirpat.

92 1617 135 1671 fici
154 1617 315 1671 inmaturae
334 1616 379 1671 lac
398 1633 462 1670 cum
484 1617 608 1687 axungia
626 1617 747 1671 mixtum
764 1617 885 1686 impone.
914 1615 1034 1690 vitulini
1037 1616 1106 1684 ‚fimi

91 1696 212 1751 cinerem
240 1712 275 1751 ex
303 1698 384 1750 aceto
412 1696 536 1750 verrucis
563 1697 684 1766 impone.
717 1696 881 1767 heliotropii
906 1697 1011 1752 herbae
1039 1713 1105 1750 suco

92 1776 263 1832 confricatae
282 1793 415 1831 verrucae
439 1777 553 1831 cadunt.
583 1776 665 1830 fabas
688 1776 784 1846 nigras
807 1777 838 1830 in
859 1792 954 1845 panno
977 1774 1106 1844 quolibet

93 1856 218 1925 involve,
247 1858 350 1925 tanges
374 1856 408 1909 de
432 1855 551 1926 singulis
573 1855 648 1910 fabis
672 1856 797 1926 singulas
820 1871 950 1910 verrucas
974 1857 1003 1908 et
1027 1854 1103 1908 dices
1119 1871 1144 1908 ao

94 1936 149 1990 Titi
167 1935 311 2004 quomodo
325 1935 380 1989 hac
394 1934 425 1988 in
438 1934 515 1989 fum0
535 1934 684 2004 siccantur,
704 1936 744 1990 sic
763 1939 793 1990 et
814 1933 882 1989 illac
900 1951 1033 1988 verrucae
1052 1934 1105 1988 sic-

95 2018 190 2069 centur
208 2017 238 2069 et
258 2015 364 2069 ducant
379 2031 415 2070 se.
445 2018 474 2069 et
487 2014 574 2068 tollas
588 2014 665 2083 ipsas
683 2015 766 2069 fabas
780 2018 809 2069 et
823 2015 854 2068 in
871 2014 983 2067 furnum
997 2014 1103 2069 mittas.

94 2094 187 2148 statim
206 2095 323 2148 recedas
341 2110 377 2148 ne
396 2111 495 2148 sonum
514 2094 559 2148 vel
579 2095 694 2149 odorem
712 2111 808 2148 earum
823 2093 936 2148 sentias.

141 2219 188 2274 Ad
202 2220 228 2284 Ι,
242 2223 280 2272 36
292 2221 356 2286 (94)
369 2217 416 2271 De
434 2217 579 2271 maculis
598 2218 633 2272 in
651 2234 791 2287 corpore
809 2216 1035 2272 nascentibus

517 2297 673 2368 (XLVIHI).
1119 2310 1144 2349 25

160 2378 217 2432 Sed
240 2381 269 2432 et
293 2376 364 2431 haec
389 2375 532 2431 adiutoria
554 2377 672 2430 maculis
697 2394 781 2447 supra
804 2375 915 2446 scriptis
938 2374 1103 2444 propensius

94 2460 154 2511 sunt
173 2457 346 2511 adhibenda.
374 2456 452 2525 porri
469 2456 540 2511 folia
558 2456 627 2510 trita
646 2460 675 2510 et
691 2456 825 2525 imposita
843 2471 926 2510 varos
945 2456 1103 2510 emendant.

94 2536 236 2605 tithymali
254 2536 342 2605 (lac)
361 2554 424 2590 cum
442 2536 536 2590 farina
558 2535 723 2605 impositum
745 2535 871 2591 maculas
889 2535 975 2590 tollit.
998 2551 1105 2589 avenae

93 2615 182 2670 farina
201 2633 266 2670 cum
284 2620 366 2671 aceto
384 2615 511 2670 maculas
529 2615 616 2670 tollit.
636 2615 828 2669 columbinum
841 2615 937 2668 fimum
955 2617 1036 2669 aceto
1055 2614 1105 2668 tri-

92 2698 149 2749 tum
168 2698 197 2749 et
216 2695 354 2749 illinitum
377 2695 504 2750 maculas
523 2698 552 2750 et
574 2695 726 2764 lentigines
750 2696 785 2749 de
806 2694 879 2750 facie
902 2693 988 2748 tollit.
1014 2711 1104 2762 napus
1119 2708 1144 2748 ao

160 2844 176 2889 1
195 2836 504 2890 Verrucarum—clavu
524 2838 575 2903 (sc'c
594 2838 617 2904 b,
637 2836 733 2891 clavos
752 2841 777 2904 c)
797 2838 872 2891 rubr.
891 2853 941 2890 scr.
962 2836 1003 2889 bc.
1019 2865 1054 2872 -
1068 2834 1106 2886 ad

90 2925 143 2962 rem
161 2909 197 2974 cf.
218 2907 264 2962 Pe.
284 2907 361 2961 Plio.
381 2913 412 2973 3,
430 2911 468 2961 29
488 2909 572 2973 (cade
590 2915 616 2962 ct
634 2908 726 2962 Marc.
746 2925 768 2962 c.
788 2911 824 2961 19
838 2910 948 2975 p.186,
972 2908 1008 2958 21
1027 2908 1103 2972 sqq).

91 2978 231 3032 termula
250 2980 274 3033 b.
348 2980 503 3032 9manub
569 2975 630 3031 ed'e
649 2977 748 3031 uolutir
768 2979 791 3031 b.
865 2981 897 3028 11
917 2975 1065 3028 transeunt
1080 2976 1103 3052 b,

92 3054 123 3101 14
141 3048 240 3117 tangis
260 3050 285 3102 b.
359 3053 392 3100 15
412 3065 477 3102 acro
498 3050 521 3103 b.
594 3046 813 3117 grossitudinem
832 3047 856 3100 b.
936 3050 968 3097 1'l
988 3045 1104 3096 imatun

90 3121 151 3187 (sic)
172 3121 195 3174 b.
255 3117 341 3172 vituli
360 3120 383 3173 t.
454 3124 486 3171 18
505 3118 576 3172 cinis
597 3122 619 3173 b.
674 3115 850 3187 helyotropip
870 3117 894 3170 t.
951 3120 984 3166 19
1003 3113 1103 3166 eonfri-

88 3190 507 3256 catoe(i.e.oiaeadd.corr·).
563 3187 779 3242 20dicis.titib.
841 3183 944 3240 mlh
1009 3183 1104 3236 lidu-

88 3263 134 3314 cat
144 3276 175 3313 se
186 3263 250 3328 (etc)
262 3262 286 3314 t.
331 3259 575 3314 tollas...mittat.
588 3301 594 3312 .
608 3307 610 3314 s
622 3259 753 3312 recedat.
765 3299 771 3312 .
782 3299 788 3311 .
800 3255 906 3310 sentiat
920 3258 943 3309 t.
999 3259 1033 3306 23
1052 3271 1102 3323 seq.

92 3331 232 3386 Theodori
245 3348 305 3400 cap.
322 3334 358 3384 36
373 3332 405 3385 de
418 3333 534 3385 maculis
548 3337 595 3384 eto.
651 3334 684 3382 27
703 3327 797 3381 varios
817 3326 948 3380 emendat
968 3327 991 3380 b.
1007 3325 1041 3392 cf.
1057 3326 1104 3379 Po.

87 3402 163 3457 ain.
175 3419 206 3471 p.
221 3407 288 3469 100,
301 3404 346 3455 21.
402 3407 436 3454 28
451 3400 578 3455 Titimali
598 3405 632 3453 cir
650 3398 743 3453 farina
761 3396 867 3466 iposita
883 3398 945 3465 (sie)
962 3397 985 3451 b.
1003 3397 1024 3462 f.
1040 3398 1103 3450 odd.

88 3472 132 3526 lac
150 3475 187 3540 cs.
206 3472 293 3542 Apul.
313 3489 335 3526 e.
351 3476 413 3526 108.
429 3471 567 3540 (lacrima)
579 3471 652 3526 Coss.
668 3488 697 3540 p.
712 3474 764 3536 20,
778 3475 821 3524 10.
931 3483 1058 3521 avenae.
1077 3509 1104 3521 ..

85 3545 120 3611 cf.
135 3544 183 3599 Ps.
198 3544 277 3599 Plio.
293 3561 323 3613 p,
341 3548 403 3608 101,
417 3548 441 3597 4.
