2392 3922
525 1083 630 1154 Incipit
647 1082 721 1140 liber

202 1183 245 1253 de
273 1180 466 1254 virtutibus
492 1182 742 1294 pigmentorum
769 1180 827 1253 vel
853 1179 1035 1252 herbarum

490 1305 761 1377 aromaticarum.

87 1443 99 1490 1
183 1437 272 1493 Aloe
290 1437 427 1493 virtutem
445 1436 534 1493 hebet
552 1436 690 1507 calidam,
710 1441 740 1493 et
758 1436 900 1492 confortat
919 1441 948 1493 et
968 1438 1057 1493 siccat
1075 1442 1132 1493 sto-

114 1516 253 1588 machum,
272 1520 355 1572 curat
372 1516 499 1586 vulnera,
518 1516 670 1587 praecipue
808 1519 937 1588 naturae,
956 1518 1027 1573 facit
1046 1521 1075 1573 et
1094 1520 1131 1573 ad

114 1600 237 1653 tumores
251 1596 364 1652 narium
376 1596 494 1652 veleris
509 1595 556 1651 vel
571 1596 723 1652 oculorum.

86 1681 99 1728 2
181 1676 411 1732 Absinthium
437 1675 564 1730 calidum
590 1675 705 1745 quidem
732 1678 777 1731 est
803 1676 997 1746 mediocriter,
1026 1677 1131 1730 siccum

114 1773 177 1811 vero
201 1759 247 1812 est
270 1755 459 1812 vehementer.
483 1758 513 1810 et
536 1771 619 1810 sucus
643 1755 704 1810 eius
727 1756 817 1810 multo
840 1755 962 1810 calidior
980 1758 1024 1810 est
1044 1773 1130 1824 quam

113 1835 208 1892 herba.
227 1835 372 1892 confortat
389 1835 567 1891 stomachum
586 1839 616 1892 et
632 1835 673 1892 fel
685 1835 812 1905 rubeum,
830 1851 882 1904 per
895 1837 1023 1890 ventrem
1037 1838 1066 1890 et
1079 1851 1130 1904 per

113 1915 223 1970 urinam
236 1915 362 1986 deducit,
376 1931 464 1971 venas
478 1932 590 1984 quoquc
600 1916 692 1986 epatis
705 1917 819 1987 purgat,
833 1916 867 1968 et
881 1917 933 1969 est
946 1914 1130 1968 maximum
1144 1935 1154 1972 1

114 1994 326 2050 adiutorium
345 1995 392 2067 ad
405 1995 693 2051 constrictionem
711 1993 832 2065 epatis.

87 2076 100 2123 3
179 2074 378 2144 Atriplices
396 2074 510 2129 umidae
529 2077 595 2129 sunt
609 2074 725 2144 quidem
737 2074 821 2128 nimis
836 2077 866 2128 et
879 2072 1002 2143 frigidae
1021 2072 1128 2127 medio-

114 2154 201 2209 criter.
236 2153 380 2223 stypticam
411 2170 523 2223 quoque
554 2154 690 2210 virtutem
717 2153 867 2226 (nullam)
894 2153 995 2221 habet,
1028 2155 1057 2207 et
1084 2155 1128 2206 est

114 2249 230 2302 aquosa,
257 2232 495 2300 quemadmodum
517 2234 621 2289 malva.
644 2234 716 2288 facit
734 2234 772 2289 ad
790 2236 922 2302 tumores,
952 2232 1059 2301 siquis
1079 2248 1126 2287 eas

113 2316 208 2367 tunsus
226 2310 319 2366 veluti
337 2312 514 2383 cataplasma
536 2313 711 2384 imposuerit.
736 2330 831 2368 semen
853 2313 978 2384 ipsarum
997 2313 1034 2367 ad
1053 2312 1156 2369 auri-1⁴

113 2391 205 2460 ginem
228 2390 308 2461 facit,
337 2391 366 2445 si
393 2391 471 2460 quis
494 2392 706 2448 coclearium
731 2392 814 2448 triti
836 2393 872 2447 in
900 2392 1016 2447 calida
1040 2409 1127 2462 aqua

113 2471 258 2526 dederit.

178 2680 194 2728 1
218 2672 302 2744 Incip
318 2673 371 2728 Lib
385 2669 452 2728 111³·
472 2677 523 2744 (sic
545 2692 613 2732 corr.
633 2679 666 2732 ia
687 2693 742 2731 ras.
759 2692 815 2746 pro
832 2676 932 2746 L...).
952 2678 1079 2733 Uirtutes
1097 2697 1125 2747 p.

110 2744 151 2799 vel
167 2744 325 2799 herbarum
343 2745 513 2800 aromaticas
533 2749 585 2814 (sic
598 2749 655 2802 cod.
672 2747 706 2815 G,
725 2748 775 2802 uti
791 2749 926 2816 mermes,
943 2751 1012 2803 satis
1029 2752 1125 2803 innato

108 2817 154 2871 tea
171 2816 293 2886 quidem,
310 2821 337 2871 et
353 2832 480 2872 mauros
494 2818 595 2873 odiret
614 2819 766 2885 intrariae).
821 2818 945 2872 4Aloen
962 2819 995 2872 G.
1052 2821 1123 2885 (etr.)

109 2890 264 2940 stomacum
274 2889 328 2954 (cic
337 2891 452 2956 semper)
465 2887 498 2942 G.
536 2893 552 2941 5
566 2887 710 2958 precipue.
724 2887 843 2961 pinimip
852 2891 953 2942 nature
965 2889 991 2942 G
1000 2890 1059 2957 (καὶ
1073 2887 1124 2956 μά-

108 2961 182 3012 λιστα
201 2956 239 3012 τὰ
256 2955 325 3012 aad?
345 2956 433 3027 ἕδραν
450 2977 481 3012 τε
500 2959 550 3012 καὶ
568 2957 698 3084 αἰδοῐοᾶ.
760 2958 964 3013 'lAbsentium
983 2959 1015 3013 G.
1055 2963 1123 3011 7-9

107 3030 137 3095 cf.
155 3028 260 3083 Theod.
280 3028 319 3083 di.
335 3032 379 3082 10.
400 3027 474 3085 ear.
491 3030 581 3099 simpl.
598 3033 644 3097 (ec
690 3031 727 3085 al.
746 3031 780 3097 cf.
796 3029 899 3084 Anecd.
917 3029 978 3082 GL.
990 3030 1033 3095 H,
1048 3033 1121 3095 114).

108 3098 254 3152 trubium
273 3097 307 3153 G.
452 3105 487 3166 10
505 3098 637 3154 hurinam
658 3101 691 3155 G.
802 3100 1122 3166 10-11haeccicc'pse

106 3171 182 3225 addit
198 3171 365 3240 epitomae
384 3170 427 3235 (at
444 3171 477 3224 ia
494 3173 666 3240 sequentibus
684 3188 753 3240 quoe
778 3171 899 3225 diductis
921 3171 1019 3224 lituras
1036 3170 1121 3237 ripoi-

106 3241 203 3310 tcooi).
279 3244 314 3293 12
335 3239 451 3294 humide
471 3240 505 3296 G.
579 3246 613 3296 13
632 3240 747 3311 stiptice
767 3240 801 3295 G.
897 3238 1006 3293 nullam
1024 3239 1123 3292 addidi

105 3328 135 3366 ec
153 3311 229 3367 Oret.
250 3310 354 3380 (Gal).
445 3311 513 3366 abet
533 3313 584 3380 (cic
601 3313 756 3382 saepissime
774 3312 853 3378 cod).
934 3315 969 3363 14
987 3308 1122 3376 quemad-

106 3383 184 3437 modii
203 3381 274 3437 alba
295 3381 331 3436 θ.
405 3386 438 3435 15
458 3382 664 3453 cataplasmam
681 3380 838 3452 inposuerit
858 3380 892 3435 G.
967 3387 999 3435 16
1019 3377 1121 3434 coclia-

105 3452 172 3508 rimn
191 3452 225 3510 G.
304 3450 408 3507 tritum
427 3452 461 3509 (l.
534 3453 617 3508 calda
638 3454 671 3508 G.

908 3541 961 3598 πθ·
983 3604 986 3611 ,
