2392 3922
503 186 669 242 nourcus.
1029 186 1093 252 107

66 350 106 411 i'n
122 349 263 437 febribus
289 351 418 431 sociata,
442 348 572 410 febrium
589 352 684 429 magis
703 350 883 430 simpheium
903 359 933 412 et
951 353 1093 431 infigura·

64 448 153 500 tarum
176 440 321 518 speciem
345 438 509 517 designare
532 447 703 499 noscuntur.

144 545 221 606 ergo
246 545 323 588 cum
351 525 538 606 simplicium
565 525 694 588 febrium
717 545 806 587 causa
828 531 1009 610 constiterit,
1036 527 1123 609 perh

65 618 143 677 initia
165 617 417 677 commotionum
440 633 509 675 cum
532 615 628 676 adhuc
656 614 796 676 articulos
822 617 958 695 possidet
987 619 1091 698 frigus,

62 704 198 767 manibus
223 704 337 765 calidis
360 703 409 763 vel
432 701 593 782 vaporibus
616 706 725 763 ceteris
745 705 844 764 omnia
862 705 995 766 membra
1015 706 1091 766 cale·
1118 721 1132 761 5

65 794 135 855 heta
157 794 321 854 contineo.
363 798 437 852 tunc
461 793 551 852 etiam
573 809 694 852 somnos
716 791 838 852 inhibeo
859 793 992 873 nihilque
1012 794 1092 855 aliud

59 880 197 943 adbiberi
216 882 408 961 permittam.
446 898 514 940 cum
532 898 602 940 vero
622 898 658 940 ex
681 880 838 941 altitudine
856 900 947 961 vapor
966 882 1091 944 exiliens

62 988 168 1051 eorpus
195 987 291 1030 omne
314 967 487 1029 calefecerit
506 976 535 1029 et
554 985 711 1047 emergens
730 969 922 1030 inflammatio
942 974 1090 1051 inpatiens

64 1061 174 1119 viscera
203 1060 355 1118 universa
386 1058 555 1137 siccaverit,
586 1064 658 1117 tunc
685 1065 753 1136 post
780 1057 917 1138 clysteris
945 1059 1090 1138 simplicis

63 1146 248 1209 beneficium
278 1148 371 1206 etiam
400 1152 535 1206 enemate
563 1144 642 1223 quod
670 1163 707 1205 ex
734 1164 806 1207 suco
830 1146 885 1206 lini
913 1149 1036 1208 seminis
1061 1154 1132 1208 et1⁰

63 1234 121 1297 oleo
144 1253 244 1296 roseo
269 1233 318 1294 vel
344 1232 577 1294 chamaemelino
600 1240 785 1312 temperatur
807 1236 839 1295 in
861 1237 959 1296 unciis
983 1234 1090 1315 tribus,

63 1322 116 1385 illis
143 1325 254 1403 igneis
283 1321 443 1383 ardoribus
472 1321 707 1383 succurrendum
736 1328 789 1383 est.
836 1330 866 1384 at
892 1341 962 1384 vero
988 1326 1090 1403 quinta

63 1420 213 1473 transacta
238 1411 291 1472 die
316 1417 347 1471 et
368 1411 476 1490 primis
498 1412 557 1470 iam
576 1411 761 1490 temporibus
781 1412 976 1490 aegritudinis
996 1413 1090 1473 relre-

63 1502 144 1581 mtis,
163 1518 242 1561 cum
264 1498 321 1559 sub
336 1498 463 1578 quadam
480 1500 650 1559 maturitate
665 1498 792 1577 qualitas
807 1517 912 1561 causae
931 1501 1090 1562 humanior

62 1591 254 1669 apparuerit,
287 1595 360 1648 tune
392 1593 461 1666 post
492 1594 648 1665 augmenta
681 1590 888 1648 commotionis
921 1593 1087 1669 praesentis
1103 1602 1129 1643 15

62 1680 166 1757 pannis
195 1675 373 1756 duplicibus
395 1675 443 1735 vel
465 1674 633 1755 triplicibus
656 1676 764 1736 infusis
789 1675 853 1736 oleo
878 1696 964 1739 roseo
989 1685 1019 1739 et
1042 1698 1089 1739 ca·
1168 1732 1172 1738 .

63 1766 117 1827 lido
142 1766 252 1827 media
282 1782 389 1825 eorum
417 1764 600 1825 infundenda
626 1771 696 1824 sunt
719 1772 750 1825 et
772 1765 912 1847 iuvanda,
937 1766 984 1827 vel
1007 1775 1089 1827 certe

63 1874 95 1915 ex
115 1855 174 1916 lini
201 1855 323 1915 semine
347 1859 378 1913 et
401 1851 506 1912 hordei
528 1851 690 1932 pollinibus
714 1871 783 1914 cum
806 1872 882 1932 aqua
905 1861 935 1914 et
958 1856 1033 1934 oleo,
1056 1863 1090 1914 ut

63 1947 150 2004 noris
176 1950 238 2023 est,
265 1940 467 2001 adhibendum
486 1947 532 2007 est
550 1941 728 2020 cataplasma
752 1941 802 2020 [ex
823 1961 880 2021 quo
899 1944 1088 2022 praecordio-

63 2052 124 2092 rum
152 2032 224 2092 loca
257 2029 385 2090 iuvanda
414 2028 510 2109 sunt]‚
538 2048 574 2089 ex
599 2048 656 2108 quo
681 2036 731 2090 aut
758 2033 836 2108 ignis
862 2031 941 2090 illius
966 2033 1087 2090 commi·
1103 2043 1129 2082 2⁰

63 2124 200 2181 nationes
226 2127 435 2198 temperemus
459 2125 508 2178 aut
532 2117 672 2178 sudorem
695 2126 842 2197 oportuno
862 2127 995 2197 tempore
1020 2137 1088 2197 pro-

61 2227 213 2269 curemus.

145 2299 306 2357 monitum
332 2302 363 2355 te
392 2296 506 2355 interea
533 2295 600 2354 volo
627 2295 761 2373 prolecto
790 2314 826 2355 ex
859 2298 1012 2355 urinarum
1044 2294 1119 2357 err-6

129 2492 143 2537 1
162 2482 309 2537 febrium:
323 2480 450 2535 febribus
460 2483 578 2550 (iterum)
594 2481 658 2534 VB.
706 2486 721 2533 5
739 2481 852 2535 ceteris:
872 2483 906 2548 cf.
921 2484 1000 2549 iufra
1013 2502 1034 2537 s.
1045 2490 1088 2538 17.

60 2559 91 2609 21
108 2564 160 2609 etc.
253 2551 351 2604 omnia
364 2553 401 2604 rb
414 2552 483 2604 θεῖα
503 2550 632 2604 omnibus
647 2551 707 2606 VB.
795 2556 810 2602 7
826 2550 955 2605 adhiberi
969 2555 1006 2607 rb
1018 2555 1089 2609 Get:

60 2626 114 2689 inh
129 2621 256 2691 B)ibsri
281 2622 342 2675 VB.
454 2625 488 2673 10
506 2620 656 2674 henemate
680 2621 712 2687 V,
732 2622 861 2673 enemate
878 2623 1006 2692 Bfflet),
1026 2641 1089 2678 ene-

60 2699 131 2767 natp
154 2696 184 2762 b,
206 2691 357 2762 enigmate
376 2707 399 2744 r.
512 2699 542 2744 11
564 2689 664 2758 came(i
678 2690 791 2759 B)melo
811 2691 863 2744 VB
877 2694 1047 2759 (camemillo
1066 2713 1090 2762 r,

59 2763 229 2820 camomillo
252 2763 278 2830 b,
298 2759 484 2815 chamaemeli
499 2761 576 2829 Get).
631 2760 661 2813 in
679 2760 761 2815 rVB
772 2760 843 2816 Get:
862 2779 911 2816 orn.
928 2765 951 2816 b.
998 2765 1089 2817 tribus

59 2840 113 2901 uic)
139 2834 248 2891 VBrb
259 2832 319 2887 oet
335 2833 402 2900 (scil.
422 2831 527 2900 ternis).
611 2838 644 2885 13
658 2830 832 2900 temporibus
847 2834 906 2902 (sic)
925 2835 1089 2888 VBrbGel.

60 2912 88 2959 lt
106 2903 350 2977 pannis-certe
369 2917 404 2955 ex
423 2901 509 2958 edet.
528 2903 588 2970 (ubi
604 2904 645 2956 sic
664 2903 692 2957 h:
711 2903 779 2955 tunc
797 2904 915 2972 (throne)
934 2922 961 2973 p.
982 2904 1007 2956 d.
1022 2921 1048 2956 v.
1068 2905 1088 2956 t.

57 2976 115 3033 oleo
135 2991 228 3030 roseo
249 2972 362 3027 infusis.
381 2970 476 3025 calida
493 2971 588 3026 media
607 2988 703 3026 eorum
721 2971 747 3026 ij
760 2990 780 3026 s.
801 2975 830 3026 et
847 2972 866 3027 i.
885 2973 932 3027 vel
946 2976 1020 3027 certe
1037 2972 1090 3025 lini

58 3068 76 3103 r.
89 3052 121 3104 et
140 3044 232 3101 ordei
251 3063 279 3113 p.
301 3060 367 3097 cum
384 3042 446 3096 oleo
461 3044 490 3096 et
504 3059 579 3110 aqua
593 3045 663 3112 etth:
683 3060 733 3097 om.
752 3043 832 3097 ΝΒ.
901 3047 933 3094 18
952 3046 985 3095 ut
998 3043 1089 3096 moris

55 3124 96 3173 est
115 3115 328 3173 adhibendum
342 3129 377 3167 ex
393 3128 473 3181 equo.
491 3113 701 3182 precordiorum
718 3113 782 3167 loca
799 3113 924 3167 iuvanda
943 3115 1008 3166 sunt
1026 3115 1089 3166 utb

57 3196 97 3244 :ut
114 3188 211 3244 moris
234 3187 281 3240 est
301 3183 494 3240 adhibendum
513 3187 556 3238 est
575 3183 751 3254 cataplasma
769 3200 802 3238 ex
817 3201 872 3252 quo
892 3186 941 3235 aut
956 3184 1037 3250 Gel.):
1057 3185 1090 3235 ut

10 3306 12 3329 ,
57 3262 142 3315 moris
160 3261 218 3314 est.
250 3254 485 3310 Praeeordiomm
498 3254 562 3309 loca
579 3254 705 3309 iuvanda
720 3257 792 3308 sunt.
822 3254 864 3307 Ex
879 3270 934 3320 quo
949 3255 999 3306 aut
1008 3255 1051 3321 (ut
1063 3257 1089 3322 r)

10 3338 12 3377 ἓ
66 3333 142 3387 l'Br.
167 3331 225 3386 ubi
240 3344 276 3382 ex
296 3342 352 3396 quo
371 3343 399 3395 p.
419 3325 437 3379 1.
452 3325 470 3379 i.
487 3344 507 3380 s.
526 3329 606 3382 uncis
624 3328 725 3382 inclusi
739 3328 817 3395 (quac
836 3325 932 3403 delevit
946 3325 1023 3392 Get).

58 3408 90 3455 :³0
103 3402 185 3473 ignis
200 3398 286 3454 illius
302 3396 523 3452 commocionem
538 3398 562 3465 b,
581 3396 676 3467 ignem
689 3396 766 3450 illius
786 3393 981 3449 eommot10nis
995 3396 1089 3462 ruet,

60 3474 154 3535 innem
174 3471 258 3526 illius
279 3466 510 3523 comminationis
529 3469 580 3521 VB
594 3469 689 3536 (—nes
708 3474 771 3523 aute
789 3468 840 3536 ips.
859 3481 928 3520 corr.
953 3467 999 3536 V).
1055 3472 1090 3521 23

59 3536 200 3614 proiecto:
220 3545 263 3599 sic
284 3539 381 3595 VBrb
394 3538 451 3594 Get.
