2392 3924
468 129 736 180 nnurrnnnnrl.
1042 126 1109 192 275

94 287 206 338 coctum
220 283 392 353 commisces,
407 286 437 339 ct
450 301 537 338 rosas.
547 285 557 356 l(
567 289 605 353 (p.
613 288 660 352 35)
676 284 770 339 omnia
785 285 868 338 simul
888 288 962 340 teres
976 289 1009 341 ut
1022 304 1110 341 unum

93 381 194 434 corpus
204 364 256 416 fiat
266 366 294 417 61
302 379 396 432 penna
405 363 552 434 inungues.
571 367 718 433 expertum
727 368 777 420 est.
793 382 839 420 ros
850 366 885 420 de
895 366 1034 420 cauliculo
1045 384 1109 420 curn

92 443 177 498 melle
204 442 352 512 inungues.
385 443 505 497 vulturis
539 442 634 497 oculos
662 443 829 512 inspectos.
851 444 1051 514 ..caliginem
1079 448 1108 500 et

93 521 276 576 suffusionem
297 521 377 575 nasci
399 522 538 591 prohibet.
576 522 615 576 fel
634 522 781 592 caprinum
799 540 863 578 cum
885 523 969 578 melle
988 524 1108 578 mixtum

93 601 251 670 inunguito.
278 601 456 666 chelidoniae
470 618 568 656 sucum
584 603 659 672 ÷1,
678 602 794 657 feniculi
814 621 911 658 sucum
928 616 964 663 ÷
977 604 1003 672 1,
1026 607 1134 660 161661

94 680 194 734 viridis
208 699 305 735 sucum
318 693 354 742 ÷
367 681 388 749 1,
407 680 446 735 fel
461 681 608 750 caprinum
622 694 659 740 -t-
672 692 689 746 5
703 683 724 751 1,
745 683 849 752 cymini
868 692 885 733 1
901 682 922 738 1.
941 682 1020 736 melli
1034 700 1108 737 com-

96 760 196 815 misces
216 765 245 815 et
263 761 358 816 uteris.

169 841 311 895 ettannari
342 841 534 911 ygrocollyrio
567 840 668 909 uteris,
693 841 769 908 quod
792 842 862 896 haec
884 841 993 911 recipit.
1032 845 1107 897 atra·

92 919 181 972 menti
196 920 234 973 ad
253 919 404 988 caligarios
423 920 565 989 partemI,
584 920 747 975 centauriae
766 921 933 975 fasciculum
946 922 959 974 Ι
1016 922 1107 976 mittis

92 999 187 1052 omnia
205 999 237 1052 in
255 1016 305 1053 vas
324 998 411 1053 fictile
424 1000 569 1068 mundum,
589 1002 618 1054 et
637 1000 675 1053 a'd
688 1000 824 1054 carbones
839 1017 903 1053 cum
915 999 1002 1053 viridi
1017 1016 1107 1054 canna
1122 1015 1147 1053 10

92 1077 194 1145 agitas.
224 1076 343 1131 subinde
362 1077 470 1132 incides
490 1094 609 1147 cannas,
636 1081 665 1133 61
687 1082 747 1133 tam
771 1079 821 1133 diu
844 1095 946 1146 coques
970 1078 1107 1147 agitando

92 1159 123 1210 ut
142 1157 180 1209 ad
199 1155 412 1225 spissitudinem
429 1156 523 1211 mellis
541 1157 696 1226 perveniat.
717 1161 746 1213 et
764 1157 874 1212 modice
893 1157 1021 1213 solutius.

91 1263 139 1317 Ad
152 1263 178 1330 I,
193 1267 228 1316 13
242 1266 300 1330 (43)
318 1262 364 1317 De
382 1263 516 1317 narium
533 1263 661 1317 morbis
676 1267 750 1333 (post
768 1263 919 1317 cannulam
932 1265 1005 1319 solus
1023 1265 1107 1318 corii)

362 1345 431 1398 -dc
450 1345 553 1398 1666666
570 1346 603 1397 in
620 1361 635 1398 6
652 1345 706 1398 oid.
726 1347 833 1412 supro).
916 1345 921 1355 '

162 1423 279 1475 Porrum
296 1422 436 1492 virginem
455 1422 489 1476 de
512 1421 590 1491 ligno
609 1423 640 1476 in
661 1422 740 1492 ligno
763 1426 837 1478 teres
861 1422 938 1476 etin
957 1440 1022 1477 suco
1042 1423 1194 1493 eius(th

91 1502 220 1556 licinium
238 1504 344 1556 tortum
363 1501 494 1555 infundes
514 1504 543 1555 et
561 1518 642 1556 nares
662 1519 697 1556 ex
715 1519 748 1556 eo
763 1501 919 1557 obturabis.
948 1505 977 1556 ct
995 1503 1107 1557 tamdiu
1121 1520 1146 1558 16

92 1584 186 1635 erecto
204 1581 297 1650 capite
316 1580 437 1650 contine,
458 1581 547 1634 donec
566 1581 684 1636 senserit
701 1583 812 1650 pondus
831 1582 959 1637 sternuti.
994 1586 1022 1637 et
1040 1601 1106 1637 mox

93 1660 230 1714 subduces
248 1659 378 1714 licinium
396 1662 426 1713 et
444 1659 617 1714 sternutabit
635 1663 664 1714 et
682 1660 750 1715 foris
769 1661 904 1731 polypum
923 1661 1015 1717 eiciet.
1053 1663 1106 1716 hoc

92 1740 205 1809 saepius
223 1742 267 1794 est
286 1741 439 1808 expertum.

163 1835 275 1873 caseum
301 1817 421 1872 viridem
443 1817 543 1871 tritum
566 1836 630 1872 cnm
652 1819 736 1874 melle
760 1821 827 1873 dum
849 1819 930 1874 vadit
954 1820 1106 1874 dormitum
1119 1836 1145 1874 eo

89 1904 175 1953 noctu
198 1899 229 1951 in
252 1898 443 1967 superioribus
467 1898 545 1952 labio
568 1914 654 1967 pone,
681 1901 710 1952 61
733 1899 896 1953 observabis
920 1899 959 1968 ei,
988 1902 1018 1952 61
1040 1916 1105 1953 mox

90 1980 167 2032 exiet
185 1979 223 2032 ad
241 1995 342 2033 escam.
370 1980 399 2032 61
421 1980 453 2030 tu
477 1978 514 2030 ad
532 1978 655 2031 busenas
678 1994 744 2031 mox
766 1994 831 2032 enm
856 1978 1014 2032 subducite.
1052 1979 1105 2032 hoc

89 2059 161 2113 mire
180 2060 326 2128 expertum
345 2059 395 2112 est.
767 2063 771 2070 '

89 2147 177 2213 AdI,
194 2151 226 2200 14
242 2150 301 2214 (44)
323 2145 361 2199 de
380 2144 478 2199 fluxu
498 2145 680 2216 sanguinis
704 2145 839 2200 narium
853 2148 926 2215 (post
944 2147 1106 2198 meruerunt

303 2226 377 2279 solus
391 2227 485 2280 b-de
504 2227 606 2280 1666666
623 2228 655 2280 ia
673 2244 687 2281 c
704 2228 766 2282 uide
783 2231 889 2295 capra).
1117 2238 1144 2278 25

162 2304 220 2358 Alii
246 2303 349 2373 papyri
372 2304 490 2358 cortices
514 2304 684 2375 ligaverunt.
710 2304 875 2360 mulieribus
896 2320 962 2358 vero
987 2304 1021 2356 de
1040 2304 1108 2358 ube·
1122 2303 1184 2374 (XV

89 2386 167 2439 ribus
192 2382 358 2453 capitellum
380 2383 551 2453 ligaverunt.
592 2401 659 2439 nam
677 2388 707 2440 61
725 2384 797 2440 costi
818 2384 963 2454 pulverem
988 2382 1104 2437 naribus
1156 2382 1160 2389 '

88 2464 247 2532 insufflat0‚
271 2465 301 2517 61
324 2463 492 2532 sangninem
515 2463 592 2518 sistit
614 2468 643 2518 61
666 2464 761 2519 ulcera
782 2464 892 2518 narium
913 2465 1003 2518 sanat.
1026 2460 1104 2532 porri

89 2543 190 2597 sectivi
211 2559 309 2596 sucum
326 2557 390 2595 cum
409 2542 570 2597 chalcitidis
588 2544 704 2613 pulvere
727 2544 847 2597 mixtum
864 2543 977 2613 inicito,
1002 2543 1056 2597 hoc
1075 2546 1104 2597 et

88 2624 224 2693 polypum
248 2624 330 2675 curat
353 2624 382 2675 et
407 2622 574 2693 sanguinem
597 2623 681 2679 sistit.
723 2626 752 2678 et
774 2623 919 2692 pulverem
942 2621 1103 2677 chalcitidis
1117 2639 1144 2677 ao

90 2704 181 2758 solum
199 2702 351 2757 insufflato.

161 2834 175 2879 1
195 2827 300 2881 6116666
311 2829 373 2893 (sic)
385 2829 408 2881 b.
459 2825 599 2879 2eaulico
615 2833 619 2897 Ι
635 2829 675 2881 stc
688 2828 715 2880 b:
735 2828 770 2894 cf.
781 2827 827 2880 Pa.
843 2827 918 2880 Plio.
930 2843 959 2894 p.
974 2828 1023 2879 21ὁ
1033 2825 1101 2878 Bas.

88 2897 224 2966 (caulium
241 2900 350 2968 rorem).
424 2903 440 2949 3
459 2896 578 2965 inunges
593 2896 687 2965 (-gito)
706 2903 738 2951 661
755 2914 856 2965 semper
875 2899 898 2950 b.
952 2893 1101 2963 inspectos.

88 2968 241 3037 caliginem
254 2970 293 3023 cic
307 2970 330 3022 b.
378 2966 500 3021 5661161Ἷ
515 2970 539 3022 b.
595 2969 692 3034 6162
703 2985 724 3022 e.
744 2965 897 3035 semuncia)
908 2968 930 3020 b.
982 2963 1056 3018 mell’
1078 2966 1101 3018 b.

89 3046 103 3092 7
123 3039 221 3093 uteris.
244 3038 373 3092 rtannari
391 3037 575 3107 ydrocolliriir
593 3039 654 3105 (cic)
670 3039 686 3091 b
700 3039 733 3106 (1)
747 3038 812 3104 fort.
830 3053 901 3091 6666.
917 3052 1012 3105 propr.

90 3117 105 3163 8
125 3111 286 3163 atramentis
305 3109 343 3163 ad
365 3108 517 3178 caligarios
537 3109 598 3176 (sie)
619 3110 642 3163 b.
758 3113 773 3160 9
798 3109 926 3162 16666666
948 3108 1006 3175 ipse
1028 3106 1102 3158 indi-

88 3201 157 3253 caoi.
221 3204 254 3250 10
264 3214 331 3251 vase
342 3200 366 3252 b.
421 3192 671 3251 viridi-canna'b.
728 3200 760 3248 11
770 3193 853 3248 tandi
862 3196 885 3249 b.
938 3199 971 3246 12
982 3191 1101 3246 solutius

89 3272 152 3335 (sic)
164 3270 187 3322 b.
208 3271 265 3322 iam
274 3285 325 3338 seq.
335 3275 426 3324 166166
439 3269 575 3323 Theodori
583 3266 613 3321 Si
623 3267 694 3320 haee
703 3264 796 3334 caligo
811 3266 955 3318 senectute
969 3262 1100 3332 magis...

89 3339 293 3394 1566161161.
350 3345 383 3392 16
403 3339 550 3393 obturabis
561 3340 623 3405 (sic)
634 3339 657 3391 b.
714 3340 747 3388 18
756 3337 897 3390 sternutat
907 3337 930 3390 b.
977 3333 1103 3388 20vadit

88 3410 125 3463 ad
146 3409 299 3463 dormitum
317 3411 340 3464 b.
432 3415 466 3462 23
480 3411 602 3480 sequitur
615 3408 745 3462 Fetorem
762 3423 829 3461 vero
848 3405 925 3460 naris
935 3449 957 3462 ..
972 3450 977 3460 .
991 3406 1030 3473 (I,
1044 3408 1101 3472 43).

89 3487 123 3533 28
143 3479 282 3534 exsnfiatd
301 3482 324 3535 b.
398 3485 432 3534 29
451 3497 533 3535 sucus
553 3497 575 3535 c.
595 3477 705 3533 calcitis
724 3480 748 3533 b.
821 3482 855 3531 30
874 3476 1058 3546 pulipumb.

903 3566 960 3620 lb*
