2392 3922
312 185 591 240 memoranmu
609 187 879 241 Benxnnnnnsn.
1042 185 1107 250 365

69 347 80 409 l
179 349 299 428 Hygra
323 351 434 410 dicitur
457 354 543 429 quasi
567 351 696 412 solutum
720 351 883 431 collyrium.
907 370 976 412 nam
998 352 1108 412 dicitur

88 438 345 517 panchreston.
376 439 447 499 lacit
474 448 573 500 autem
595 440 698 500 multis
725 440 914 519 passionibus
938 440 1106 520 approbate.

89 527 125 586 ad
158 527 338 606 synanchen.
379 545 478 606 penna
509 528 618 589 illitum
650 528 785 589 faucibus
819 529 913 590 solvit.
955 529 1107 589 ulceribus

88 634 159 675 vero
193 618 311 676 aurium
338 616 461 694 prodest
494 636 562 677 cum
594 617 682 677 melle
715 620 805 677 attico
833 624 863 677 et
895 620 963 677 vino
991 618 1108 696 aequali

88 704 222 783 pondere
252 704 382 765 solutum
410 705 657 785 calefactumqne,
685 705 721 765 ad
749 706 928 785 otenchyten
950 708 1107 767 inmissum
1135 718 1147 757 ⁵

89 800 119 852 et
141 811 203 852 non
228 794 363 853 effusum.
386 793 487 854 ulcera
510 793 643 854 locorum
667 797 799 854 omnium
822 795 968 874 emendat,
993 798 1106 873 praeci-

90 900 146 959 pue
180 889 281 942 tamen
314 881 468 942 oculorum
500 886 561 943 oris
593 883 710 942 illitum.
743 882 862 942 duritiis
891 885 980 943 etiam
1007 884 1107 961 palpe-

88 969 212 1031 brarum
236 973 280 1030 sic
304 971 451 1048 quomodo
476 972 643 1037 coniectum
662 989 694 1030 se
713 971 802 1030 habet
825 979 858 1032 ut
879 989 991 1050 pyrene
1014 971 1107 1030 meles

88 1060 276 1136 intinguatur
297 1059 345 1118 vel
371 1067 516 1138 tangatur.
551 1062 727 1139 asperitates
750 1077 821 1120 vero
849 1059 967 1118 deintus
989 1066 1106 1119 veteres

87 1146 298 1225 palpebrarum
318 1154 410 1228 sanat,
429 1148 589 1228 albedines,
609 1148 788 1208 suffusiones
807 1147 1048 1208 membranorum
1069 1149 1146 1206 de10

89 1235 184 1294 oculis
208 1244 353 1315 expurgat
373 1255 476 1297 omnes
500 1237 536 1297 ad
558 1255 670 1316 pyrena
688 1236 780 1296 meles
802 1238 964 1296 inunctum.
988 1254 1106 1296 morsus

89 1327 224 1384 omnium
248 1328 431 1402 serpentium
456 1332 549 1405 curat,
573 1327 634 1385 sive
657 1326 838 1385 intrinsecus
861 1332 934 1404 potu
955 1325 1056 1384 datum
1075 1327 1106 1384 in

87 1414 156 1472 rino
187 1419 217 1472 et
245 1412 310 1472 oleo
341 1414 420 1475 bono
452 1416 518 1493 pari
544 1431 685 1473 mensura
718 1421 860 1492 quantum
893 1414 1003 1474 sufficit
1031 1413 1106 1474 cale-

87 1501 209 1582 factum,
234 1520 288 1561 seu
311 1501 422 1563 deforis
445 1520 543 1581 penna
566 1501 715 1561 illinitum.

178 1592 265 1650 cuius
289 1592 464 1669 compositio
486 1590 554 1650 talis
578 1599 632 1651 est.
656 1592 814 1650 aeraminis
834 1589 981 1651 combusti
998 1591 1059 1652 und
1072 1591 1106 1670 Il,
1123 1604 1146 1643 1⁵

88 1680 200 1737 miseos
220 1681 311 1738 assati
330 1682 522 1760 semunciam,
544 1697 663 1739 murrae
677 1678 889 1758 troglodyticae
904 1678 964 1739 uno
981 1678 1003 1759 l,
1027 1683 1107 1739 croci

89 1768 287 1848 semunciam,
310 1771 392 1846 passi
414 1770 519 1829 cretici
543 1767 706 1846 heminam,
733 1769 846 1846 piperis
870 1770 1036 1828 communis
1061 1787 1106 1827 se-

87 1857 248 1937 munciam,
271 1857 333 1916 vini
352 1858 479 1916 aminaei
503 1855 622 1916 candidi
640 1855 719 1934 quod
739 1856 856 1915 sufficit.
880 1857 1106 1915 universarum

88 1943 213 2003 dimidio
246 1946 309 2003 vini
339 1946 371 2004 in
402 1947 545 2005 mortario
577 1946 651 2004 teris
683 1962 737 2022 per
769 1943 833 2003 dies
866 1961 990 2003 numero
1018 1943 1105 2002 XXII.

87 2032 214 2110 proinde
247 2032 396 2111 reliquum
427 2035 529 2092 vinum
560 2035 745 2111 permiscens
779 2050 846 2092 cnm
873 2050 961 2110 passo
995 2034 1105 2091 cretico
1121 2046 1146 2084 20

88 2139 193 2199 coque.
224 2122 364 2198 agitatum
386 2121 550 2181 transcolas
574 2123 606 2181 in
633 2120 817 2201 trullionem,
846 2120 899 2180 sed
927 2127 957 2180 et
978 2122 1106 2179 inmittis

88 2209 179 2269 simul
208 2227 298 2287 supra
324 2219 487 2270 memorata
510 2210 547 2270 de
575 2211 716 2270 mortario
740 2211 772 2267 in
799 2211 898 2286 ipsum
925 2207 1105 2268 trullionem.

87 2305 160 2357 tunc
184 2316 255 2357 vero
284 2297 444 2359 levioribus
473 2297 652 2358 carbonibus
681 2296 872 2375 supradatum
900 2296 969 2374 [hoc
993 2305 1039 2357 est
1061 2300 1105 2357 in-

87 2385 233 2464 positum]
262 2387 433 2446 trullionem
461 2389 542 2446 omni
568 2386 642 2446 hora
665 2388 772 2465 agitas,
803 2403 840 2445 ne
868 2385 918 2445 illa
941 2405 1016 2464 quae
1040 2405 1106 2464 gra-

86 2477 170 2534 riora
198 2493 265 2534 esse
293 2475 432 2535 videntur
454 2477 486 2535 in
509 2474 600 2536 fundo
623 2482 795 2534 remaneant
828 2481 857 2534 et
885 2475 1104 2536 comburantur.
1120 2486 1146 2526 25

87 2581 158 2640 ergo
187 2562 333 2623 movenda
361 2571 431 2624 sunt
459 2566 522 2623 sine
550 2565 781 2623 intermissione.
812 2571 842 2622 et
870 2582 938 2623 cum
966 2564 1105 2624 fervendo

86 2653 117 2710 in
140 2650 265 2711 modum
288 2651 385 2712 mellis
408 2651 574 2731 devenerit,
601 2651 805 2729 infrigidatum
828 2670 897 2712 vase
924 2655 1019 2713 vitreo
1044 2672 1105 2713 ser-

88 2758 158 2799 vare
184 2739 317 2800 debebis

69 2822 77 2882 l
178 2828 227 2887 Ad
251 2837 470 2906 conceptum.
494 2828 605 2907 leporis
625 2828 741 2888 vulvam
760 2846 857 2889 assam
875 2831 948 2888 teris
968 2835 998 2888 et
1019 2828 1104 2888 dabis

160 2979 281 3048 lana
298 2981 334 3034 B.
409 2981 617 3049 2pencristum
637 2982 663 3035 B
684 2982 729 3048 (cf.
749 2980 826 3035 Aetli
840 2983 865 3047 7,
880 2983 938 3046 99).
1003 2995 1104 3048 oppro-

85 3049 174 3104 batae
193 3051 231 3105 B.
305 3049 484 3106 3sinancem
502 3054 537 3107 B.
623 3049 882 3106 illita...solvitur
895 3050 932 3104 B.
1024 3050 1104 3102 odd

88 3121 227 3176 otenitem
244 3121 363 3176 missum
381 3123 415 3177 B.
471 3128 487 3176 8
506 3139 613 3191 pyrene
630 3120 723 3174 mellis
737 3122 774 3176 B.
843 3125 877 3173 10
892 3118 1052 3174 suffusionis
1066 3120 1103 3177 B.

88 3198 117 3245 11
134 3193 182 3245 Ad
199 3208 310 3262 pyrene
327 3192 420 3247 mellis
434 3193 469 3247 B.
579 3196 613 3246 14
630 3207 724 3259 penna
742 3190 856 3245 linitum
874 3190 946 3245 bene
966 3193 1049 3244 senat
1067 3191 1102 3247 B.

89 3268 119 3316 la
137 3279 254 3331 myrrae
273 3263 400 3317 troclites
418 3265 455 3318 B.
529 3269 563 3317 1⁷
581 3261 674 3316 emine
687 3261 723 3316 B.
780 3267 813 3316 19
832 3260 900 3316 teria
918 3277 969 3330 per
988 3263 1051 3328 (sic)
1066 3262 1102 3318 B.

88 3332 167 3388 xxti
181 3333 339 3403 B(XXV?)
395 3340 428 3387 23
446 3334 500 3388 hoc
519 3336 564 3388 est
581 3331 736 3401 inpositum
754 3348 788 3386 ee
805 3333 894 3404 plesse
912 3333 1011 3388 addere
1028 3334 1104 3388 oide-

89 3411 132 3460 tur
139 3407 178 3460 B.
237 3409 272 3459 25
281 3404 429 3459 infundere
438 3406 572 3459 maneant
581 3404 609 3457 B
621 3406 699 3471 (coar.
710 3404 772 3469 ed).
815 3408 849 3458 29
865 3406 902 3470 (et
915 3419 979 3458 moro
992 3405 1102 3473 iterem)

90 3475 130 3528 ta
144 3475 297 3544 concipere
308 3478 370 3544 (sic)
382 3477 409 3530 B
419 3478 476 3546 (sed
486 3477 522 3529 ad
532 3474 699 3543 conceptum
707 3477 772 3544 135)
781 3474 817 3541 cf.
823 3478 878 3530 163
893 3474 931 3529 ad
945 3475 1102 3533 emendare.

90 3546 117 3599 ie
125 3548 265 3618 morpbic
273 3548 357 3602 codex
365 3547 585 3617 habctVI(eeque
593 3547 669 3601 ultra
678 3552 774 3603 extant
782 3546 890 3604 berneri
898 3548 1106 3616 capituloreml.
