<?xml version="1.0" encoding="UTF-8"?>
<!DOCTYPE html PUBLIC "-//W3C//DTD XHTML 1.0 Transitional//EN"
    "http://www.w3.org/TR/xhtml1/DTD/xhtml1-transitional.dtd">
<html xmlns="http://www.w3.org/1999/xhtml" xml:lang="en" lang="en">
 <head>
  <title>
</title>
<meta http-equiv="Content-Type" content="text/html;charset=utf-8" />
  <meta name='ocr-system' content='tesseract 3.04.00' />
  <meta name='ocr-capabilities' content='ocr_page ocr_carea ocr_par ocr_line ocrx_word'/>
</head>
<body>
  <div class='ocr_page' id='page_1' title='image "./euporistonlibri00rosegoog_0479.png"; bbox 0 0 2392 3922; ppageno 0'>
   <div class='ocr_carea' id='block_1_1' title="bbox 134 620 1157 909">
    <p class='ocr_par' dir='ltr' id='par_1_1' title="bbox 134 620 1157 909">
     <span class='ocr_line' id='line_1_1' title="bbox 171 620 1155 696; baseline -0.002 -17"><span class='ocrx_word' id='word_1_1' title='bbox 171 630 227 696; x_wconf 75' lang='lat'>(18)</span> <span class='ocrx_word' id='word_1_2' title='bbox 240 642 308 679; x_wconf 89' lang='lat' dir='ltr'>nam</span> <span class='ocrx_word' id='word_1_3' title='bbox 326 642 391 679; x_wconf 94' lang='lat' dir='ltr'>cum</span> <span class='ocrx_word' id='word_1_4' title='bbox 409 625 647 695; x_wconf 91' lang='lat' dir='ltr'>concipiamur</span> <span class='ocrx_word' id='word_1_5' title='bbox 710 623 765 690; x_wconf 82' lang='lat'>(18)</span> <span class='ocrx_word' id='word_1_6' title='bbox 774 637 842 674; x_wconf 89' lang='lat' dir='ltr'>nam</span> <span class='ocrx_word' id='word_1_7' title='bbox 851 620 1094 690; x_wconf 85' lang='lat' dir='ltr'>perfectanatura</span> <span class='ocrx_word' id='word_1_8' title='bbox 1108 639 1155 677; x_wconf 86' lang='lat' dir='ltr'>vo·</span> 
     </span>
     <span class='ocr_line' id='line_1_2' title="bbox 134 691 1157 768; baseline -0.004 -17"><span class='ocrx_word' id='word_1_9' title='bbox 134 700 238 751; x_wconf 86' lang='lat' dir='ltr'>natura</span> <span class='ocrx_word' id='word_1_10' title='bbox 261 696 375 751; x_wconf 82' lang='lat' dir='ltr'>volente</span> <span class='ocrx_word' id='word_1_11' title='bbox 399 713 433 751; x_wconf 85' lang='lat' dir='ltr'>ex</span> <span class='ocrx_word' id='word_1_12' title='bbox 456 695 511 750; x_wconf 83' lang='lat' dir='ltr'>viri</span> <span class='ocrx_word' id='word_1_13' title='bbox 539 695 645 768; x_wconf 63' lang='lat' dir='ltr'>semine</span> <span class='ocrx_word' id='word_1_14' title='bbox 674 691 768 747; x_wconf 90' lang='lat' dir='ltr'>lentis.</span> <span class='ocrx_word' id='word_1_15' title='bbox 788 708 884 746; x_wconf 91' lang='lat' dir='ltr'>semen</span> <span class='ocrx_word' id='word_1_16' title='bbox 897 691 952 746; x_wconf 82' lang='lat' dir='ltr'>viri</span> <span class='ocrx_word' id='word_1_17' title='bbox 968 709 1033 746; x_wconf 92' lang='lat' dir='ltr'>cum</span> <span class='ocrx_word' id='word_1_18' title='bbox 1051 693 1157 748; x_wconf 87' lang='lat' dir='ltr'>semine</span> 
     </span>
     <span class='ocr_line' id='line_1_3' title="bbox 135 761 1157 837; baseline -0.006 -14"><span class='ocrx_word' id='word_1_19' title='bbox 135 771 165 823; x_wconf 88' lang='lat' dir='ltr'>et</span> <span class='ocrx_word' id='word_1_20' title='bbox 178 765 305 821; x_wconf 86' lang='lat' dir='ltr'>mulieris</span> <span class='ocrx_word' id='word_1_21' title='bbox 320 767 495 837; x_wconf 83' lang='lat' dir='ltr'>sanguinem.</span> <span class='ocrx_word' id='word_1_22' title='bbox 516 765 645 835; x_wconf 80' lang='lat' dir='ltr'>quamvis</span> <span class='ocrx_word' id='word_1_23' title='bbox 673 761 801 817; x_wconf 88' lang='lat' dir='ltr'>mulieris</span> <span class='ocrx_word' id='word_1_24' title='bbox 837 763 1038 818; x_wconf 86' lang='lat' dir='ltr'>commiscitur.</span> <span class='ocrx_word' id='word_1_25' title='bbox 1081 765 1157 832; x_wconf 91' lang='lat' dir='ltr'>quod</span> 
     </span>
     <span class='ocr_line' id='line_1_4' title="bbox 134 833 1157 909; baseline -0.005 -16"><span class='ocrx_word' id='word_1_26' title='bbox 134 839 229 909; x_wconf 90' lang='lat' dir='ltr'>ipsum</span> <span class='ocrx_word' id='word_1_27' title='bbox 252 839 420 908; x_wconf 80' lang='lat' dir='ltr'>sanguinem</span> <span class='ocrx_word' id='word_1_28' title='bbox 445 838 495 892; x_wconf 87' lang='lat' dir='ltr'>sed</span> <span class='ocrx_word' id='word_1_29' title='bbox 517 838 593 891; x_wconf 90' lang='lat' dir='ltr'>unde</span> <span class='ocrx_word' id='word_1_30' title='bbox 617 839 646 892; x_wconf 83' lang='lat' dir='ltr'>et</span> <span class='ocrx_word' id='word_1_31' title='bbox 674 850 770 888; x_wconf 89' lang='lat' dir='ltr'>semen</span> <span class='ocrx_word' id='word_1_32' title='bbox 801 833 928 888; x_wconf 88' lang='lat' dir='ltr'>mulieris</span> <span class='ocrx_word' id='word_1_33' title='bbox 961 834 1079 904; x_wconf 80' lang='lat' dir='ltr'>sanguis</span> <span class='ocrx_word' id='word_1_34' title='bbox 1112 835 1157 889; x_wconf 88' lang='lat' dir='ltr'>sit.</span> 
     </span>
    </p>
   </div>
   <div class='ocr_carea' id='block_1_2' title="bbox 135 903 1156 1052">
    <p class='ocr_par' dir='ltr' id='par_1_2' title="bbox 135 903 1156 1052">
     <span class='ocr_line' id='line_1_5' title="bbox 135 903 1156 978; baseline -0.006 -13"><span class='ocrx_word' id='word_1_35' title='bbox 135 910 258 965; x_wconf 86' lang='lat' dir='ltr'>maiores</span> <span class='ocrx_word' id='word_1_36' title='bbox 276 909 368 964; x_wconf 89' lang='lat' dir='ltr'>nostri</span> <span class='ocrx_word' id='word_1_37' title='bbox 385 926 456 978; x_wconf 90' lang='lat' dir='ltr'>quos</span> <span class='ocrx_word' id='word_1_38' title='bbox 479 911 563 963; x_wconf 91' lang='lat' dir='ltr'>natos</span> <span class='ocrx_word' id='word_1_39' title='bbox 582 925 646 962; x_wconf 88' lang='lat' dir='ltr'>san-</span> <span class='ocrx_word' id='word_1_40' title='bbox 673 904 739 958; x_wconf 90' lang='lat' dir='ltr'>ideo</span> <span class='ocrx_word' id='word_1_41' title='bbox 771 903 892 959; x_wconf 89' lang='lat' dir='ltr'>maiores</span> <span class='ocrx_word' id='word_1_42' title='bbox 920 905 1020 960; x_wconf 87' lang='lat' dir='ltr'>nostri.</span> <span class='ocrx_word' id='word_1_43' title='bbox 1055 922 1156 975; x_wconf 74' lang='lat' dir='ltr'>cogna</span> 
     </span>
     <span class='ocr_line' id='line_1_6' title="bbox 135 975 1154 1052; baseline -0.004 -17"><span class='ocrx_word' id='word_1_44' title='bbox 135 981 255 1052; x_wconf 86' lang='lat' dir='ltr'>guineos</span> <span class='ocrx_word' id='word_1_45' title='bbox 274 982 455 1035; x_wconf 82' lang='lat' dir='ltr'>vocaverunt.</span> <span class='ocrx_word' id='word_1_46' title='bbox 477 981 552 1034; x_wconf 89' lang='lat' dir='ltr'>unde</span> <span class='ocrx_word' id='word_1_47' title='bbox 572 997 646 1033; x_wconf 90' lang='lat' dir='ltr'>sum·</span> <span class='ocrx_word' id='word_1_48' title='bbox 673 978 728 1030; x_wconf 82' lang='lat' dir='ltr'>tus.</span> <span class='ocrx_word' id='word_1_49' title='bbox 740 975 966 1045; x_wconf 85' lang='lat' dir='ltr'>consanguineos</span> <span class='ocrx_word' id='word_1_50' title='bbox 975 979 1154 1032; x_wconf 86' lang='lat' dir='ltr'>vocaverunt.</span> 
     </span>
    </p>
   </div>
   <div class='ocr_carea' id='block_1_3' title="bbox 132 1047 1157 2961">
    <p class='ocr_par' dir='ltr' id='par_1_3' title="bbox 132 1047 1157 2961">
     <span class='ocr_line' id='line_1_7' title="bbox 135 1047 1157 1120; baseline -0.006 -13"><span class='ocrx_word' id='word_1_51' title='bbox 135 1070 197 1107; x_wconf 92' lang='lat' dir='ltr'>mus</span> <span class='ocrx_word' id='word_1_52' title='bbox 211 1055 302 1106; x_wconf 88' lang='lat' dir='ltr'>autor.</span> <span class='ocrx_word' id='word_1_53' title='bbox 323 1053 353 1106; x_wconf 91' lang='lat' dir='ltr'>et</span> <span class='ocrx_word' id='word_1_54' title='bbox 365 1049 645 1120; x_wconf 85' lang='lat' dir='ltr'>yppocrasistra-</span> <span class='ocrx_word' id='word_1_55' title='bbox 673 1047 749 1100; x_wconf 89' lang='lat' dir='ltr'>unde</span> <span class='ocrx_word' id='word_1_56' title='bbox 772 1064 897 1100; x_wconf 89' lang='lat' dir='ltr'>summus</span> <span class='ocrx_word' id='word_1_57' title='bbox 921 1050 1021 1102; x_wconf 89' lang='lat' dir='ltr'>auctor</span> <span class='ocrx_word' id='word_1_58' title='bbox 1043 1047 1157 1102; x_wconf 86' lang='lat' dir='ltr'>home-</span> 
     </span>
     <span class='ocr_line' id='line_1_8' title="bbox 136 1117 1156 1194; baseline -0.005 -17"><span class='ocrx_word' id='word_1_59' title='bbox 136 1127 191 1178; x_wconf 87' lang='lat' dir='ltr'>tus</span> <span class='ocrx_word' id='word_1_60' title='bbox 220 1122 261 1176; x_wconf 87' lang='lat' dir='ltr'>sic</span> <span class='ocrx_word' id='word_1_61' title='bbox 285 1122 334 1177; x_wconf 91' lang='lat' dir='ltr'>ait.</span> <span class='ocrx_word' id='word_1_62' title='bbox 367 1139 488 1194; x_wconf 65' lang='lat' dir='ltr'>namque</span> <span class='ocrx_word' id='word_1_63' title='bbox 517 1138 583 1176; x_wconf 82' lang='lat' dir='ltr'>vero</span> <span class='ocrx_word' id='word_1_64' title='bbox 612 1137 646 1175; x_wconf 86' lang='lat' dir='ltr'>ex</span> <span class='ocrx_word' id='word_1_65' title='bbox 672 1117 745 1172; x_wconf 92' lang='lat' dir='ltr'>rius</span> <span class='ocrx_word' id='word_1_66' title='bbox 760 1117 801 1171; x_wconf 93' lang='lat' dir='ltr'>sic</span> <span class='ocrx_word' id='word_1_67' title='bbox 815 1117 865 1174; x_wconf 87' lang='lat' dir='ltr'>ait.</span> <span class='ocrx_word' id='word_1_68' title='bbox 880 1117 976 1172; x_wconf 90' lang='lat' dir='ltr'>nescio</span> <span class='ocrx_word' id='word_1_69' title='bbox 990 1134 1048 1186; x_wconf 90' lang='lat' dir='ltr'>quo</span> <span class='ocrx_word' id='word_1_70' title='bbox 1061 1121 1156 1172; x_wconf 85' lang='lat' dir='ltr'>autem</span> 
     </span>
     <span class='ocr_line' id='line_1_9' title="bbox 136 1187 1154 1261; baseline -0.006 -13"><span class='ocrx_word' id='word_1_71' title='bbox 136 1193 242 1248; x_wconf 86' lang='lat' dir='ltr'>semine</span> <span class='ocrx_word' id='word_1_72' title='bbox 278 1191 404 1248; x_wconf 90' lang='lat' dir='ltr'>mulieris</span> <span class='ocrx_word' id='word_1_73' title='bbox 443 1195 471 1247; x_wconf 94' lang='lat' dir='ltr'>et</span> <span class='ocrx_word' id='word_1_74' title='bbox 508 1191 645 1261; x_wconf 81' lang='lat' dir='ltr'>sanguine</span> <span class='ocrx_word' id='word_1_75' title='bbox 674 1187 812 1258; x_wconf 79' lang='lat' dir='ltr'>sanguine</span> <span class='ocrx_word' id='word_1_76' title='bbox 844 1205 894 1243; x_wconf 88' lang='lat' dir='ltr'>vos</span> <span class='ocrx_word' id='word_1_77' title='bbox 930 1205 1025 1243; x_wconf 82' lang='lat' dir='ltr'>semen</span> <span class='ocrx_word' id='word_1_78' title='bbox 1060 1188 1154 1243; x_wconf 90' lang='lat' dir='ltr'>dicitis</span> 
     </span>
     <span class='ocr_line' id='line_1_10' title="bbox 135 1259 1154 1334; baseline -0.002 -18"><span class='ocrx_word' id='word_1_79' title='bbox 135 1263 242 1334; x_wconf 82' lang='lat' dir='ltr'>glorior</span> <span class='ocrx_word' id='word_1_80' title='bbox 259 1263 339 1318; x_wconf 90' lang='lat' dir='ltr'>natio</span> <span class='ocrx_word' id='word_1_81' title='bbox 354 1280 415 1318; x_wconf 88' lang='lat' dir='ltr'>esse</span> <span class='ocrx_word' id='word_1_82' title='bbox 433 1263 498 1318; x_wconf 90' lang='lat' dir='ltr'>scio.</span> <span class='ocrx_word' id='word_1_83' title='bbox 519 1263 589 1332; x_wconf 92' lang='lat' dir='ltr'>quid</span> <span class='ocrx_word' id='word_1_84' title='bbox 603 1261 645 1315; x_wconf 87' lang='lat' dir='ltr'>di·</span> <span class='ocrx_word' id='word_1_85' title='bbox 674 1275 734 1313; x_wconf 85' lang='grc'>1111</span> <span class='ocrx_word' id='word_1_86' title='bbox 761 1259 897 1315; x_wconf 84' lang='lat' dir='ltr'>mulieris.</span> <span class='ocrx_word' id='word_1_87' title='bbox 931 1277 996 1314; x_wconf 90' lang='lat' dir='ltr'>eum</span> <span class='ocrx_word' id='word_1_88' title='bbox 1023 1276 1091 1314; x_wconf 81' lang='lat' dir='ltr'>vero</span> <span class='ocrx_word' id='word_1_89' title='bbox 1118 1260 1154 1314; x_wconf 91' lang='lat' dir='ltr'>sit</span> 
     </span>
     <span class='ocr_line' id='line_1_11' title="bbox 135 1330 1155 1404; baseline -0.004 -16"><span class='ocrx_word' id='word_1_90' title='bbox 135 1337 202 1388; x_wconf 84' lang='lat' dir='ltr'>cant</span> <span class='ocrx_word' id='word_1_91' title='bbox 212 1335 352 1401; x_wconf 92' lang='lat' dir='ltr'>quomodo</span> <span class='ocrx_word' id='word_1_92' title='bbox 363 1350 465 1388; x_wconf 87' lang='lat' dir='ltr'>semen.</span> <span class='ocrx_word' id='word_1_93' title='bbox 478 1333 646 1404; x_wconf 84' lang='lat' dir='ltr'>sanguinem</span> <span class='ocrx_word' id='word_1_94' title='bbox 673 1330 789 1400; x_wconf 84' lang='lat' dir='ltr'>sanguis</span> <span class='ocrx_word' id='word_1_95' title='bbox 817 1346 938 1386; x_wconf 79' lang='lat' dir='ltr'>russeus.</span> <span class='ocrx_word' id='word_1_96' title='bbox 970 1330 1028 1385; x_wconf 80' lang='lat' dir='ltr'>riri</span> <span class='ocrx_word' id='word_1_97' title='bbox 1060 1335 1155 1386; x_wconf 88' lang='lat' dir='ltr'>autem</span> 
     </span>
     <span class='ocr_line' id='line_1_12' title="bbox 134 1400 1153 1473; baseline -0.001 -16"><span class='ocrx_word' id='word_1_98' title='bbox 134 1404 255 1472; x_wconf 80' lang='lat' dir='ltr'>sumpsit</span> <span class='ocrx_word' id='word_1_99' title='bbox 274 1421 337 1457; x_wconf 93' lang='lat' dir='ltr'>cum</span> <span class='ocrx_word' id='word_1_100' title='bbox 352 1404 468 1473; x_wconf 85' lang='lat' dir='ltr'>sanguis</span> <span class='ocrx_word' id='word_1_101' title='bbox 488 1403 526 1458; x_wconf 86' lang='lat' dir='ltr'>sit</span> <span class='ocrx_word' id='word_1_102' title='bbox 541 1404 644 1459; x_wconf 92' lang='lat' dir='ltr'>blabus</span> <span class='ocrx_word' id='word_1_103' title='bbox 673 1417 768 1456; x_wconf 89' lang='lat' dir='ltr'>semen</span> <span class='ocrx_word' id='word_1_104' title='bbox 782 1400 822 1456; x_wconf 89' lang='lat' dir='ltr'>sit</span> <span class='ocrx_word' id='word_1_105' title='bbox 835 1400 996 1456; x_wconf 80' lang='lat' dir='ltr'>candidum.</span> <span class='ocrx_word' id='word_1_106' title='bbox 1018 1405 1097 1456; x_wconf 78' lang='lat' dir='ltr'>certa</span> <span class='ocrx_word' id='word_1_107' title='bbox 1111 1419 1153 1456; x_wconf 88' lang='lat' dir='ltr'>ra-</span> 
     </span>
     <span class='ocr_line' id='line_1_13' title="bbox 134 1471 1154 1540; baseline -0.002 -12"><span class='ocrx_word' id='word_1_108' title='bbox 134 1476 164 1528; x_wconf 86' lang='lat' dir='ltr'>et</span> <span class='ocrx_word' id='word_1_109' title='bbox 187 1489 282 1527; x_wconf 88' lang='lat' dir='ltr'>semen</span> <span class='ocrx_word' id='word_1_110' title='bbox 305 1473 443 1527; x_wconf 87' lang='lat' dir='ltr'>candidus</span> <span class='ocrx_word' id='word_1_111' title='bbox 469 1477 578 1529; x_wconf 88' lang='lat' dir='ltr'>certum</span> <span class='ocrx_word' id='word_1_112' title='bbox 600 1492 644 1528; x_wconf 86' lang='lat' dir='ltr'>ra·</span> <span class='ocrx_word' id='word_1_113' title='bbox 672 1471 751 1526; x_wconf 88' lang='lat' dir='ltr'>tione</span> <span class='ocrx_word' id='word_1_114' title='bbox 774 1473 861 1527; x_wconf 89' lang='lat' dir='ltr'>doceo</span> <span class='ocrx_word' id='word_1_115' title='bbox 890 1488 975 1540; x_wconf 90' lang='lat' dir='ltr'>quem</span> <span class='ocrx_word' id='word_1_116' title='bbox 1000 1473 1154 1526; x_wconf 78' lang='lat' dir='ltr'>admodum</span> 
     </span>
     <span class='ocr_line' id='line_1_14' title="bbox 133 1542 1153 1612; baseline -0.001 -14"><span class='ocrx_word' id='word_1_117' title='bbox 133 1544 242 1598; x_wconf 90' lang='lat' dir='ltr'>tionem</span> <span class='ocrx_word' id='word_1_118' title='bbox 257 1544 372 1597; x_wconf 85' lang='lat' dir='ltr'><strong>docebo.</strong></span> <span class='ocrx_word' id='word_1_119' title='bbox 392 1561 476 1612; x_wconf 89' lang='lat' dir='ltr'>quem</span> <span class='ocrx_word' id='word_1_120' title='bbox 491 1545 644 1599; x_wconf 86' lang='lat' dir='ltr'>admodum</span> <span class='ocrx_word' id='word_1_121' title='bbox 671 1542 702 1596; x_wconf 89' lang='lat' dir='ltr'>in</span> <span class='ocrx_word' id='word_1_122' title='bbox 720 1543 840 1599; x_wconf 80' lang='lat' dir='ltr'>matrice</span> <span class='ocrx_word' id='word_1_123' title='bbox 859 1542 1059 1598; x_wconf 87' lang='lat' dir='ltr'>commiscitur.</span> <span class='ocrx_word' id='word_1_124' title='bbox 1088 1544 1153 1597; x_wconf 93' lang='lat' dir='ltr'>dum</span> 
     </span>
     <span class='ocr_line' id='line_1_15' title="bbox 134 1613 1154 1683; baseline -0.002 -15"><span class='ocrx_word' id='word_1_125' title='bbox 134 1615 165 1668; x_wconf 91' lang='lat' dir='ltr'>in</span> <span class='ocrx_word' id='word_1_126' title='bbox 182 1631 261 1668; x_wconf 89' lang='lat' dir='ltr'>mare</span> <span class='ocrx_word' id='word_1_127' title='bbox 287 1614 418 1668; x_wconf 90' lang='lat' dir='ltr'>ocianum</span> <span class='ocrx_word' id='word_1_128' title='bbox 436 1617 479 1669; x_wconf 89' lang='lat' dir='ltr'>est</span> <span class='ocrx_word' id='word_1_129' title='bbox 502 1615 548 1670; x_wconf 86' lang='lat' dir='ltr'>vel</span> <span class='ocrx_word' id='word_1_130' title='bbox 568 1617 644 1683; x_wconf 91' lang='lat' dir='ltr'>quod</span> <span class='ocrx_word' id='word_1_131' title='bbox 671 1613 851 1669; x_wconf 88' lang='lat' dir='ltr'>interaneum</span> <span class='ocrx_word' id='word_1_132' title='bbox 870 1613 927 1668; x_wconf 88' lang='lat' dir='ltr'>sint</span> <span class='ocrx_word' id='word_1_133' title='bbox 949 1614 996 1668; x_wconf 87' lang='lat' dir='ltr'>vel</span> <span class='ocrx_word' id='word_1_134' title='bbox 1015 1615 1093 1682; x_wconf 90' lang='lat' dir='ltr'>quod</span> <span class='ocrx_word' id='word_1_135' title='bbox 1111 1613 1154 1667; x_wconf 92' lang='grc'>1111</span> 
     </span>
     <span class='ocr_line' id='line_1_16' title="bbox 134 1684 1152 1755; baseline -0.002 -15"><span class='ocrx_word' id='word_1_136' title='bbox 134 1686 187 1740; x_wconf 88' lang='lat' dir='ltr'>illa</span> <span class='ocrx_word' id='word_1_137' title='bbox 209 1688 312 1740; x_wconf 88' lang='lat' dir='ltr'>natura</span> <span class='ocrx_word' id='word_1_138' title='bbox 340 1685 450 1741; x_wconf 75' lang='lat' dir='ltr'>tribuit.</span> <span class='ocrx_word' id='word_1_139' title='bbox 480 1686 504 1740; x_wconf 94' lang='lat' dir='ltr'>si</span> <span class='ocrx_word' id='word_1_140' title='bbox 529 1686 643 1754; x_wconf 90' lang='lat' dir='ltr'>quando</span> <span class='ocrx_word' id='word_1_141' title='bbox 671 1686 775 1739; x_wconf 84' lang='lat' dir='ltr'>natura</span> <span class='ocrx_word' id='word_1_142' title='bbox 784 1685 894 1740; x_wconf 87' lang='lat' dir='ltr'>tribuit.</span> <span class='ocrx_word' id='word_1_143' title='bbox 909 1684 989 1740; x_wconf 84' lang='lat' dir='ltr'>velut</span> <span class='ocrx_word' id='word_1_144' title='bbox 997 1688 1152 1755; x_wconf 88' lang='lat' dir='ltr'>tempestas</span> 
     </span>
     <span class='ocr_line' id='line_1_17' title="bbox 134 1755 1152 1826; baseline -0.002 -15"><span class='ocrx_word' id='word_1_145' title='bbox 134 1759 319 1826; x_wconf 88' lang='lat' dir='ltr'>tempestates</span> <span class='ocrx_word' id='word_1_146' title='bbox 358 1757 526 1811; x_wconf 87' lang='lat' dir='ltr'>beneficium</span> <span class='ocrx_word' id='word_1_147' title='bbox 562 1757 643 1826; x_wconf 91' lang='lat' dir='ltr'>inpa-</span> <span class='ocrx_word' id='word_1_148' title='bbox 671 1755 758 1809; x_wconf 88' lang='lat' dir='ltr'>maris</span> <span class='ocrx_word' id='word_1_149' title='bbox 790 1757 905 1825; x_wconf 92' lang='lat' dir='ltr'>quando</span> <span class='ocrx_word' id='word_1_150' title='bbox 937 1755 1061 1825; x_wconf 88' lang='lat' dir='ltr'>impetus</span> <span class='ocrx_word' id='word_1_151' title='bbox 1087 1773 1152 1811; x_wconf 85' lang='lat' dir='ltr'>ven·</span> 
     </span>
     <span class='ocr_line' id='line_1_18' title="bbox 134 1826 1153 1898; baseline -0.002 -16"><span class='ocrx_word' id='word_1_152' title='bbox 134 1831 232 1883; x_wconf 84' lang='lat' dir='ltr'>rasset.</span> <span class='ocrx_word' id='word_1_153' title='bbox 262 1831 291 1882; x_wconf 90' lang='lat' dir='ltr'>et</span> <span class='ocrx_word' id='word_1_154' title='bbox 317 1828 513 1898; x_wconf 84' lang='lat' dir='ltr'>inscapulosus</span> <span class='ocrx_word' id='word_1_155' title='bbox 541 1828 643 1882; x_wconf 86' lang='lat' dir='ltr'>fluctus</span> <span class='ocrx_word' id='word_1_156' title='bbox 671 1828 764 1880; x_wconf 87' lang='lat' dir='ltr'>torum</span> <span class='ocrx_word' id='word_1_157' title='bbox 791 1826 822 1880; x_wconf 91' lang='lat' dir='ltr'>in</span> <span class='ocrx_word' id='word_1_158' title='bbox 850 1827 973 1896; x_wconf 88' lang='lat' dir='ltr'>scopulis</span> <span class='ocrx_word' id='word_1_159' title='bbox 999 1827 1153 1881; x_wconf 82' lang='lat' dir='ltr'>conliditur</span> 
     </span>
     <span class='ocr_line' id='line_1_19' title="bbox 135 1897 1152 1970; baseline -0.002 -17"><span class='ocrx_word' id='word_1_160' title='bbox 135 1899 414 1969; x_wconf 86' lang='lat' dir='ltr'>conlesusispumam</span> <span class='ocrx_word' id='word_1_161' title='bbox 429 1917 563 1970; x_wconf 81' lang='lat' dir='ltr'>magnam</span> <span class='ocrx_word' id='word_1_162' title='bbox 573 1899 644 1953; x_wconf 89' lang='lat' dir='ltr'>facit</span> <span class='ocrx_word' id='word_1_163' title='bbox 672 1899 701 1951; x_wconf 89' lang='lat' dir='ltr'>et</span> <span class='ocrx_word' id='word_1_164' title='bbox 724 1914 853 1966; x_wconf 90' lang='lat' dir='ltr'>spumam</span> <span class='ocrx_word' id='word_1_165' title='bbox 875 1897 999 1952; x_wconf 86' lang='lat' dir='ltr'>candida</span> <span class='ocrx_word' id='word_1_166' title='bbox 1021 1898 1100 1953; x_wconf 84' lang='lat' dir='ltr'>facit.</span> <span class='ocrx_word' id='word_1_167' title='bbox 1125 1900 1152 1953; x_wconf 89' lang='lat' dir='ltr'>et</span> 
     </span>
     <span class='ocr_line' id='line_1_20' title="bbox 134 1968 1152 2040; baseline -0.004 -15"><span class='ocrx_word' id='word_1_168' title='bbox 134 1971 180 2025; x_wconf 87' lang='lat' dir='ltr'>vel</span> <span class='ocrx_word' id='word_1_169' title='bbox 199 1988 284 2039; x_wconf 92' lang='lat' dir='ltr'>quem</span> <span class='ocrx_word' id='word_1_170' title='bbox 302 1971 455 2025; x_wconf 80' lang='lat' dir='ltr'>admodum</span> <span class='ocrx_word' id='word_1_171' title='bbox 475 1971 542 2025; x_wconf 85' lang='lat' dir='ltr'>vino</span> <span class='ocrx_word' id='word_1_172' title='bbox 561 1971 643 2040; x_wconf 81' lang='lat' dir='ltr'>nigro</span> <span class='ocrx_word' id='word_1_173' title='bbox 671 1985 755 2036; x_wconf 87' lang='lat' dir='ltr'>quem</span> <span class='ocrx_word' id='word_1_174' title='bbox 770 1969 923 2023; x_wconf 76' lang='lat' dir='ltr'>admodum</span> <span class='ocrx_word' id='word_1_175' title='bbox 931 1968 1031 2022; x_wconf 86' lang='lat' dir='ltr'>vinum</span> <span class='ocrx_word' id='word_1_176' title='bbox 1040 1969 1152 2038; x_wconf 83' lang='lat' dir='ltr'>nigrum</span> 
     </span>
     <span class='ocr_line' id='line_1_21' title="bbox 134 2039 1152 2113; baseline -0.003 -18"><span class='ocrx_word' id='word_1_177' title='bbox 134 2042 165 2095; x_wconf 90' lang='lat' dir='ltr'>in</span> <span class='ocrx_word' id='word_1_178' title='bbox 179 2042 268 2113; x_wconf 75' lang='lat' dir='ltr'>calice</span> <span class='ocrx_word' id='word_1_179' title='bbox 283 2043 419 2112; x_wconf 85' lang='lat' dir='ltr'>quoagito</span> <span class='ocrx_word' id='word_1_180' title='bbox 433 2042 554 2096; x_wconf 86' lang='lat' dir='ltr'>multam</span> <span class='ocrx_word' id='word_1_181' title='bbox 567 2042 643 2111; x_wconf 86' lang='lat' dir='ltr'>ispu-</span> <span class='ocrx_word' id='word_1_182' title='bbox 670 2039 787 2092; x_wconf 92' lang='lat' dir='ltr'>missum</span> <span class='ocrx_word' id='word_1_183' title='bbox 800 2039 831 2092; x_wconf 91' lang='lat' dir='ltr'>in</span> <span class='ocrx_word' id='word_1_184' title='bbox 843 2039 961 2094; x_wconf 89' lang='lat' dir='ltr'>calicem</span> <span class='ocrx_word' id='word_1_185' title='bbox 976 2040 1152 2110; x_wconf 85' lang='lat' dir='ltr'>coagitatum</span> 
     </span>
     <span class='ocr_line' id='line_1_22' title="bbox 133 2110 1151 2179; baseline -0.003 -13"><span class='ocrx_word' id='word_1_186' title='bbox 133 2130 210 2166; x_wconf 91' lang='lat' dir='ltr'>mam</span> <span class='ocrx_word' id='word_1_187' title='bbox 224 2114 377 2168; x_wconf 83' lang='lat' dir='ltr'>habentem</span> <span class='ocrx_word' id='word_1_188' title='bbox 395 2113 491 2168; x_wconf 83' lang='lat' dir='ltr'>faciat.</span> <span class='ocrx_word' id='word_1_189' title='bbox 513 2113 644 2168; x_wconf 89' lang='lat' dir='ltr'>similiter</span> <span class='ocrx_word' id='word_1_190' title='bbox 672 2127 771 2179; x_wconf 87' lang='lat' dir='ltr'>spuma</span> <span class='ocrx_word' id='word_1_191' title='bbox 790 2110 857 2164; x_wconf 94' lang='lat' dir='ltr'>alba</span> <span class='ocrx_word' id='word_1_192' title='bbox 876 2110 953 2164; x_wconf 87' lang='lat' dir='ltr'>facit.</span> <span class='ocrx_word' id='word_1_193' title='bbox 976 2110 1019 2164; x_wconf 89' lang='lat' dir='ltr'>ita</span> <span class='ocrx_word' id='word_1_194' title='bbox 1036 2127 1151 2165; x_wconf 87' lang='lat' dir='ltr'>necesse</span> 
     </span>
     <span class='ocr_line' id='line_1_23' title="bbox 134 2181 1151 2254; baseline -0.001 -18"><span class='ocrx_word' id='word_1_195' title='bbox 134 2185 274 2239; x_wconf 86' lang='lat' dir='ltr'>rationem</span> <span class='ocrx_word' id='word_1_196' title='bbox 297 2188 326 2239; x_wconf 90' lang='grc'>11</span> <span class='ocrx_word' id='word_1_197' title='bbox 350 2185 465 2254; x_wconf 83' lang='lat' dir='ltr'>sanguis</span> <span class='ocrx_word' id='word_1_198' title='bbox 485 2203 502 2239; x_wconf 95' lang='lat' dir='ltr'>a</span> <span class='ocrx_word' id='word_1_199' title='bbox 521 2184 644 2239; x_wconf 85' lang='lat' dir='ltr'>sublima</span> <span class='ocrx_word' id='word_1_200' title='bbox 672 2184 765 2235; x_wconf 87' lang='lat' dir='ltr'>estut</span> <span class='ocrx_word' id='word_1_201' title='bbox 784 2198 879 2236; x_wconf 90' lang='lat' dir='ltr'>semen</span> <span class='ocrx_word' id='word_1_202' title='bbox 901 2181 957 2236; x_wconf 86' lang='lat' dir='ltr'>viri</span> <span class='ocrx_word' id='word_1_203' title='bbox 979 2181 1070 2236; x_wconf 83' lang='lat' dir='ltr'>faciat</span> <span class='ocrx_word' id='word_1_204' title='bbox 1089 2200 1151 2236; x_wconf 91' lang='lat' dir='ltr'>cum</span> 
     </span>
     <span class='ocr_line' id='line_1_24' title="bbox 134 2252 1152 2327; baseline -0.002 -18"><span class='ocrx_word' id='word_1_205' title='bbox 134 2272 261 2310; x_wconf 89' lang='lat' dir='ltr'>ossarum</span> <span class='ocrx_word' id='word_1_206' title='bbox 280 2272 458 2325; x_wconf 88' lang='lat' dir='ltr'>repercussus</span> <span class='ocrx_word' id='word_1_207' title='bbox 478 2255 644 2327; x_wconf 80' lang='lat' dir='ltr'>[’]spumam</span> <span class='ocrx_word' id='word_1_208' title='bbox 671 2252 797 2306; x_wconf 88' lang='lat' dir='ltr'>mulieris</span> <span class='ocrx_word' id='word_1_209' title='bbox 826 2252 994 2322; x_wconf 87' lang='lat' dir='ltr'>sanguinem</span> <span class='ocrx_word' id='word_1_210' title='bbox 1021 2253 1076 2307; x_wconf 91' lang='lat' dir='ltr'>hoc</span> <span class='ocrx_word' id='word_1_211' title='bbox 1109 2255 1152 2307; x_wconf 87' lang='lat' dir='ltr'>est</span> 
     </span>
     <span class='ocr_line' id='line_1_25' title="bbox 134 2323 1152 2395; baseline -0.002 -15"><span class='ocrx_word' id='word_1_212' title='bbox 134 2326 262 2381; x_wconf 88' lang='lat' dir='ltr'>albidam</span> <span class='ocrx_word' id='word_1_213' title='bbox 285 2327 355 2380; x_wconf 85' lang='lat' dir='ltr'>facit</span> <span class='ocrx_word' id='word_1_214' title='bbox 375 2343 490 2381; x_wconf 87' lang='lat' dir='ltr'>necesse</span> <span class='ocrx_word' id='word_1_215' title='bbox 514 2330 558 2381; x_wconf 86' lang='grc'>111</span> <span class='ocrx_word' id='word_1_216' title='bbox 576 2342 643 2395; x_wconf 83' lang='lat' dir='ltr'>ergo</span> <span class='ocrx_word' id='word_1_217' title='bbox 672 2339 774 2378; x_wconf 87' lang='lat' dir='ltr'>semen.</span> <span class='ocrx_word' id='word_1_218' title='bbox 807 2323 881 2378; x_wconf 90' lang='lat' dir='ltr'>unde</span> <span class='ocrx_word' id='word_1_219' title='bbox 914 2339 1010 2377; x_wconf 88' lang='lat' dir='ltr'>semen</span> <span class='ocrx_word' id='word_1_220' title='bbox 1037 2323 1093 2378; x_wconf 84' lang='lat' dir='ltr'>viri</span> <span class='ocrx_word' id='word_1_221' title='bbox 1123 2327 1152 2378; x_wconf 92' lang='lat' dir='ltr'>et</span> 
     </span>
     <span class='ocr_line' id='line_1_26' title="bbox 133 2393 1151 2466; baseline -0.002 -16"><span class='ocrx_word' id='word_1_222' title='bbox 133 2400 166 2450; x_wconf 90' lang='lat' dir='ltr'>ut</span> <span class='ocrx_word' id='word_1_223' title='bbox 190 2397 381 2466; x_wconf 86' lang='lat' dir='ltr'>concipiamus</span> <span class='ocrx_word' id='word_1_224' title='bbox 405 2414 439 2451; x_wconf 84' lang='lat' dir='ltr'>ex</span> <span class='ocrx_word' id='word_1_225' title='bbox 463 2397 518 2451; x_wconf 85' lang='lat' dir='ltr'>viri</span> <span class='ocrx_word' id='word_1_226' title='bbox 537 2397 643 2450; x_wconf 88' lang='lat' dir='ltr'>semine</span> <span class='ocrx_word' id='word_1_227' title='bbox 672 2394 839 2464; x_wconf 80' lang='lat' dir='ltr'>sanguinem</span> <span class='ocrx_word' id='word_1_228' title='bbox 853 2393 980 2449; x_wconf 87' lang='lat' dir='ltr'>mulieris</span> <span class='ocrx_word' id='word_1_229' title='bbox 995 2395 1151 2449; x_wconf 91' lang='lat' dir='ltr'>commisci-</span> 
     </span>
     <span class='ocr_line' id='line_1_27' title="bbox 134 2465 1152 2536; baseline -0.001 -16"><span class='ocrx_word' id='word_1_230' title='bbox 134 2470 163 2521; x_wconf 88' lang='lat' dir='ltr'>et</span> <span class='ocrx_word' id='word_1_231' title='bbox 181 2467 308 2520; x_wconf 81' lang='lat' dir='ltr'>mulieris</span> <span class='ocrx_word' id='word_1_232' title='bbox 327 2467 472 2536; x_wconf 86' lang='lat' dir='ltr'>sanguine.</span> <span class='ocrx_word' id='word_1_233' title='bbox 491 2483 558 2520; x_wconf 88' lang='lat' dir='ltr'>nam</span> <span class='ocrx_word' id='word_1_234' title='bbox 575 2484 643 2535; x_wconf 90' lang='lat' dir='ltr'>quo·</span> <span class='ocrx_word' id='word_1_235' title='bbox 670 2469 724 2521; x_wconf 90' lang='lat' dir='ltr'>tur.</span> <span class='ocrx_word' id='word_1_236' title='bbox 752 2466 878 2521; x_wconf 86' lang='lat' dir='ltr'>sednon</span> <span class='ocrx_word' id='word_1_237' title='bbox 897 2465 995 2519; x_wconf 88' lang='lat' dir='ltr'>statim</span> <span class='ocrx_word' id='word_1_238' title='bbox 1013 2465 1152 2521; x_wconf 84' lang='lat' dir='ltr'>formatur</span> 
     </span>
     <span class='ocr_line' id='line_1_28' title="bbox 132 2536 1151 2606; baseline 0 -16"><span class='ocrx_word' id='word_1_239' title='bbox 132 2536 328 2603; x_wconf 88' lang='lat' dir='ltr'>tienscumque</span> <span class='ocrx_word' id='word_1_240' title='bbox 360 2536 526 2590; x_wconf 87' lang='lat' dir='ltr'>mulieribus</span> <span class='ocrx_word' id='word_1_241' title='bbox 556 2554 642 2592; x_wconf 79' lang='lat' dir='ltr'>suave</span> <span class='ocrx_word' id='word_1_242' title='bbox 669 2536 764 2590; x_wconf 86' lang='lat' dir='ltr'>infans</span> <span class='ocrx_word' id='word_1_243' title='bbox 786 2536 817 2589; x_wconf 93' lang='lat' dir='ltr'>in</span> <span class='ocrx_word' id='word_1_244' title='bbox 840 2540 929 2591; x_wconf 88' lang='lat' dir='ltr'>utero.</span> <span class='ocrx_word' id='word_1_245' title='bbox 957 2536 1007 2589; x_wconf 90' lang='lat' dir='ltr'>sed</span> <span class='ocrx_word' id='word_1_246' title='bbox 1031 2536 1151 2606; x_wconf 85' lang='lat' dir='ltr'>singulis</span> 
     </span>
     <span class='ocr_line' id='line_1_29' title="bbox 133 2606 1151 2662; baseline 0.001 -2"><span class='ocrx_word' id='word_1_247' title='bbox 133 2606 286 2660; x_wconf 87' lang='lat' dir='ltr'>abentibus</span> <span class='ocrx_word' id='word_1_248' title='bbox 310 2623 407 2660; x_wconf 87' lang='lat' dir='ltr'>casum</span> <span class='ocrx_word' id='word_1_249' title='bbox 429 2606 557 2662; x_wconf 84' lang='lat' dir='ltr'>facimus.</span> <span class='ocrx_word' id='word_1_250' title='bbox 582 2626 642 2661; x_wconf 90' lang='lat' dir='ltr'>mu·</span> <span class='ocrx_word' id='word_1_251' title='bbox 670 2606 814 2662; x_wconf 90' lang='lat' dir='ltr'>mensibus</span> <span class='ocrx_word' id='word_1_252' title='bbox 851 2609 1040 2662; x_wconf 84' lang='lat' dir='ltr'>confirmatur.</span> <span class='ocrx_word' id='word_1_253' title='bbox 1085 2625 1151 2661; x_wconf 91' lang='lat' dir='ltr'>nam</span> 
     </span>
     <span class='ocr_line' id='line_1_30' title="bbox 132 2675 1151 2748; baseline 0.001 -19"><span class='ocrx_word' id='word_1_254' title='bbox 132 2675 215 2730; x_wconf 88' lang='lat' dir='ltr'>lieres</span> <span class='ocrx_word' id='word_1_255' title='bbox 257 2676 281 2729; x_wconf 89' lang='lat' dir='ltr'>si</span> <span class='ocrx_word' id='word_1_256' title='bbox 325 2676 506 2746; x_wconf 82' lang='lat' dir='ltr'>conciperent</span> <span class='ocrx_word' id='word_1_257' title='bbox 541 2695 642 2748; x_wconf 83' lang='lat' dir='ltr'>greges</span> <span class='ocrx_word' id='word_1_258' title='bbox 669 2678 801 2746; x_wconf 88' lang='lat' dir='ltr'>quotiens</span> <span class='ocrx_word' id='word_1_259' title='bbox 827 2695 946 2747; x_wconf 91' lang='lat' dir='ltr'>cumque</span> <span class='ocrx_word' id='word_1_260' title='bbox 973 2678 1081 2732; x_wconf 86' lang='lat' dir='ltr'>coitum</span> <span class='ocrx_word' id='word_1_261' title='bbox 1108 2678 1151 2732; x_wconf 85' lang='lat' dir='ltr'>vir</span> 
     </span>
     <span class='ocr_line' id='line_1_31' title="bbox 132 2747 1149 2820; baseline 0.002 -20"><span class='ocrx_word' id='word_1_262' title='bbox 132 2749 225 2801; x_wconf 87' lang='lat' dir='ltr'>etosse</span> <span class='ocrx_word' id='word_1_263' title='bbox 245 2747 273 2818; x_wconf 83' lang='lat'>&lt;.</span> <span class='ocrx_word' id='word_1_264' title='bbox 293 2749 356 2802; x_wconf 84' lang='lat' dir='ltr'>add.</span> <span class='ocrx_word' id='word_1_265' title='bbox 377 2748 467 2820; x_wconf 74' lang='lat' dir='ltr'>corr.)</span> <span class='ocrx_word' id='word_1_266' title='bbox 487 2755 643 2817; x_wconf 89' lang='lat' dir='ltr'>queruntur</span> <span class='ocrx_word' id='word_1_267' title='bbox 670 2767 734 2803; x_wconf 93' lang='lat' dir='ltr'>cum</span> <span class='ocrx_word' id='word_1_268' title='bbox 742 2749 861 2804; x_wconf 87' lang='lat' dir='ltr'>muliere</span> <span class='ocrx_word' id='word_1_269' title='bbox 874 2749 992 2804; x_wconf 86' lang='lat' dir='ltr'>faciunt.</span> <span class='ocrx_word' id='word_1_270' title='bbox 1008 2749 1032 2802; x_wconf 95' lang='lat' dir='ltr'>si</span> <span class='ocrx_word' id='word_1_271' title='bbox 1044 2749 1149 2803; x_wconf 88' lang='lat' dir='ltr'>totiens</span> 
     </span>
     <span class='ocr_line' id='line_1_32' title="bbox 132 2817 1150 2893; baseline 0.002 -22"><span class='ocrx_word' id='word_1_272' title='bbox 132 2817 242 2872; x_wconf 82' lang='lat' dir='ltr'>infante</span> <span class='ocrx_word' id='word_1_273' title='bbox 270 2818 320 2871; x_wconf 88' lang='lat' dir='ltr'>scd</span> <span class='ocrx_word' id='word_1_274' title='bbox 348 2818 484 2887; x_wconf 89' lang='lat' dir='ltr'>quicquid</span> <span class='ocrx_word' id='word_1_275' title='bbox 512 2820 641 2893; x_wconf 78' lang='lat' dir='ltr'>ego&lt;ei1</span> <span class='ocrx_word' id='word_1_276' title='bbox 669 2820 801 2875; x_wconf 87' lang='lat' dir='ltr'>mulieres</span> <span class='ocrx_word' id='word_1_277' title='bbox 838 2821 1019 2890; x_wconf 86' lang='lat' dir='ltr'>conciperent</span> <span class='ocrx_word' id='word_1_278' title='bbox 1055 2820 1150 2890; x_wconf 84' lang='lat' dir='ltr'>gregis</span> 
     </span>
     <span class='ocr_line' id='line_1_33' title="bbox 132 2888 1149 2961; baseline 0.001 -17"><span class='ocrx_word' id='word_1_279' title='bbox 132 2891 196 2944; x_wconf 84' lang='lat' dir='ltr'>add.</span> <span class='ocrx_word' id='word_1_280' title='bbox 216 2888 306 2961; x_wconf 77' lang='lat' dir='ltr'>corr.)</span> <span class='ocrx_word' id='word_1_281' title='bbox 326 2889 444 2944; x_wconf 88' lang='lat' dir='ltr'>muliere</span> <span class='ocrx_word' id='word_1_282' title='bbox 462 2890 572 2946; x_wconf 87' lang='lat' dir='ltr'>iscrova</span> <span class='ocrx_word' id='word_1_283' title='bbox 590 2891 641 2944; x_wconf 91' lang='lat' dir='ltr'>ha·</span> <span class='ocrx_word' id='word_1_284' title='bbox 668 2908 720 2945; x_wconf 88' lang='lat' dir='ltr'>nos</span> <span class='ocrx_word' id='word_1_285' title='bbox 727 2890 881 2945; x_wconf 87' lang='lat' dir='ltr'>infantium</span> <span class='ocrx_word' id='word_1_286' title='bbox 892 2894 1062 2960; x_wconf 88' lang='lat' dir='ltr'>sequeretur.</span> <span class='ocrx_word' id='word_1_287' title='bbox 1072 2895 1149 2945; x_wconf 88' lang='lat' dir='ltr'>certo</span> 
     </span>
    </p>
   </div>
   <div class='ocr_carea' id='block_1_4' title="bbox 346 2961 965 3050">
    <p class='ocr_par' dir='ltr' id='par_1_4' title="bbox 346 2961 965 3050">
     <span class='ocr_line' id='line_1_34' title="bbox 346 2961 965 3050; baseline 0.005 -5"><span class='ocrx_word' id='word_1_288' title='bbox 346 2978 424 3045; x_wconf 75' lang='grc'>11</span> <span class='ocrx_word' id='word_1_289' title='bbox 652 2961 656 3050; x_wconf 74' lang='lat' dir='ltr'>t</span> <span class='ocrx_word' id='word_1_290' title='bbox 865 2981 904 3033; x_wconf 82' lang='lat'>11</span> <span class='ocrx_word' id='word_1_291' title='bbox 915 2981 965 3049; x_wconf 77' lang='grc'>(1</span> 
     </span>
    </p>
   </div>
   <div class='ocr_carea' id='block_1_5' title="bbox 656 1743 659 1775">
    <p class='ocr_par' dir='ltr' id='par_1_5' title="bbox 656 1743 659 1775">
     <span class='ocr_line' id='line_1_35' title="bbox 656 1743 659 1775; baseline 0 0"><span class='ocrx_word' id='word_1_292' title='bbox 656 1743 659 1775; x_wconf 83' lang='grc' dir='ltr'>Ι</span> 
     </span>
    </p>
   </div>
   <div class='ocr_carea' id='block_1_6' title="bbox 130 3136 1192 3633">
    <p class='ocr_par' dir='ltr' id='par_1_6' title="bbox 130 3136 1192 3633">
     <span class='ocr_line' id='line_1_36' title="bbox 201 3136 1149 3207; baseline 0.005 -18"><span class='ocrx_word' id='word_1_293' title='bbox 201 3136 224 3205; x_wconf 78' lang='grc'>*)</span> <span class='ocrx_word' id='word_1_294' title='bbox 239 3137 349 3191; x_wconf 78' lang='lat' dir='ltr'>Abhinc</span> <span class='ocrx_word' id='word_1_295' title='bbox 359 3154 428 3206; x_wconf 76' lang='lat' dir='ltr'>qaae</span> <span class='ocrx_word' id='word_1_296' title='bbox 441 3145 592 3206; x_wconf 69' lang='lat' dir='ltr'>sequautur</span> <span class='ocrx_word' id='word_1_297' title='bbox 604 3139 702 3206; x_wconf 79' lang='lat' dir='ltr'>(Viud.</span> <span class='ocrx_word' id='word_1_298' title='bbox 717 3155 738 3193; x_wconf 88' lang='lat' dir='ltr'>c.</span> <span class='ocrx_word' id='word_1_299' title='bbox 752 3140 880 3204; x_wconf 77' lang='lat'><em>18-24)</em></span> <span class='ocrx_word' id='word_1_300' title='bbox 902 3139 1006 3194; x_wconf 78' lang='lat' dir='ltr'>incerta</span> <span class='ocrx_word' id='word_1_301' title='bbox 1023 3147 1089 3194; x_wconf 74' lang='lat' dir='ltr'>subt</span> <span class='ocrx_word' id='word_1_302' title='bbox 1104 3140 1149 3207; x_wconf 81' lang='lat' dir='ltr'>(ef.</span> 
     </span>
     <span class='ocr_line' id='line_1_37' title="bbox 131 3207 1148 3278; baseline 0 -14"><span class='ocrx_word' id='word_1_303' title='bbox 131 3213 234 3264; x_wconf 80' lang='grc'>1111111</span> <span class='ocrx_word' id='word_1_304' title='bbox 244 3207 280 3275; x_wconf 84' lang='lat' dir='ltr'>P)</span> <span class='ocrx_word' id='word_1_305' title='bbox 294 3208 436 3278; x_wconf 71' lang='lat' dir='ltr'>famaqiai</span> <span class='ocrx_word' id='word_1_306' title='bbox 449 3215 636 3276; x_wconf 76' lang='lat' dir='ltr'>excerptorum</span> <span class='ocrx_word' id='word_1_307' title='bbox 649 3211 814 3263; x_wconf 76' lang='lat' dir='ltr'>acedicorum</span> <span class='ocrx_word' id='word_1_308' title='bbox 825 3207 1148 3277; x_wconf 76' lang='lat' dir='ltr'>(Rose,Aeecd.IL169)</span> 
     </span>
     <span class='ocr_line' id='line_1_38' title="bbox 131 3278 1151 3351; baseline 0.003 -18"><span class='ocrx_word' id='word_1_309' title='bbox 131 3296 201 3349; x_wconf 78' lang='lat' dir='ltr'>quac</span> <span class='ocrx_word' id='word_1_310' title='bbox 214 3280 263 3333; x_wconf 78' lang='lat' dir='ltr'>sub</span> <span class='ocrx_word' id='word_1_311' title='bbox 273 3279 365 3345; x_wconf 75' lang='lat' dir='ltr'>inepto</span> <span class='ocrx_word' id='word_1_312' title='bbox 378 3280 459 3333; x_wconf 79' lang='lat' dir='ltr'>titulo</span> <span class='ocrx_word' id='word_1_313' title='bbox 474 3278 576 3333; x_wconf 77' lang='lat' dir='ltr'>Sorani</span> <span class='ocrx_word' id='word_1_314' title='bbox 589 3281 621 3333; x_wconf 79' lang='lat' dir='ltr'>ia</span> <span class='ocrx_word' id='word_1_315' title='bbox 634 3287 686 3334; x_wconf 76' lang='grc'>(11.</span> <span class='ocrx_word' id='word_1_316' title='bbox 701 3281 768 3335; x_wconf 73' lang='lat' dir='ltr'>cred.</span> <span class='ocrx_word' id='word_1_317' title='bbox 784 3280 892 3348; x_wconf 75' lang='grc'>1119191</span> <span class='ocrx_word' id='word_1_318' title='bbox 905 3281 1037 3348; x_wconf 76' lang='lat' dir='ltr'>impressa</span> <span class='ocrx_word' id='word_1_319' title='bbox 1050 3283 1151 3351; x_wconf 74' lang='grc'>1191111</span> 
     </span>
     <span class='ocr_line' id='line_1_39' title="bbox 131 3349 1192 3418; baseline 0.003 -14"><span class='ocrx_word' id='word_1_320' title='bbox 131 3356 194 3404; x_wconf 68' lang='lat' dir='ltr'>aare</span> <span class='ocrx_word' id='word_1_321' title='bbox 211 3349 425 3404; x_wconf 75' lang='lat' dir='ltr'>Pseudo-Plinii</span> <span class='ocrx_word' id='word_1_322' title='bbox 439 3350 521 3404; x_wconf 69' lang='lat' dir='ltr'>libros</span> <span class='ocrx_word' id='word_1_323' title='bbox 540 3350 567 3404; x_wconf 88' lang='lat' dir='ltr'><strong><em>V</em></strong></span> <span class='ocrx_word' id='word_1_324' title='bbox 577 3351 617 3404; x_wconf 86' lang='lat' dir='ltr'>ed.</span> <span class='ocrx_word' id='word_1_325' title='bbox 632 3350 700 3404; x_wconf 83' lang='lat' dir='ltr'>Bae.</span> <span class='ocrx_word' id='word_1_326' title='bbox 711 3352 786 3404; x_wconf 80' lang='lat'><em>1528</em></span> <span class='ocrx_word' id='word_1_327' title='bbox 800 3351 881 3418; x_wconf 71' lang='lat' dir='ltr'>quase·</span> <span class='ocrx_word' id='word_1_328' title='bbox 894 3368 915 3404; x_wconf 89' lang='lat' dir='ltr'>c.</span> <span class='ocrx_word' id='word_1_329' title='bbox 932 3352 1011 3405; x_wconf 89' lang='lat' dir='ltr'>XVI</span> <span class='ocrx_word' id='word_1_330' title='bbox 1021 3359 1046 3406; x_wconf 78' lang='lat' dir='ltr'>et</span> <span class='ocrx_word' id='word_1_331' title='bbox 1056 3353 1155 3407; x_wconf 82' lang='lat' dir='ltr'><strong><em>XVII</em></strong></span> <span class='ocrx_word' id='word_1_332' title='bbox 1188 3354 1192 3362; x_wconf 82' lang='lat'>&#39;</span> 
     </span>
     <span class='ocr_line' id='line_1_40' title="bbox 130 3418 1149 3489; baseline 0.001 -14"><span class='ocrx_word' id='word_1_333' title='bbox 130 3419 348 3489; x_wconf 82' lang='lat' dir='ltr'>Namconcipit</span> <span class='ocrx_word' id='word_1_334' title='bbox 370 3418 471 3473; x_wconf 90' lang='lat' dir='ltr'>mulier</span> <span class='ocrx_word' id='word_1_335' title='bbox 493 3421 597 3472; x_wconf 86' lang='lat' dir='ltr'>natura</span> <span class='ocrx_word' id='word_1_336' title='bbox 615 3419 743 3474; x_wconf 81' lang='lat' dir='ltr'>volenter</span> <span class='ocrx_word' id='word_1_337' title='bbox 761 3419 816 3472; x_wconf 86' lang='lat' dir='ltr'>viri</span> <span class='ocrx_word' id='word_1_338' title='bbox 840 3420 945 3474; x_wconf 89' lang='lat' dir='ltr'>semine</span> <span class='ocrx_word' id='word_1_339' title='bbox 969 3425 998 3475; x_wconf 88' lang='lat' dir='ltr'>et</span> <span class='ocrx_word' id='word_1_340' title='bbox 1021 3421 1149 3477; x_wconf 87' lang='lat' dir='ltr'>mulieris</span> 
     </span>
     <span class='ocr_line' id='line_1_41' title="bbox 132 3489 1150 3562; baseline 0.002 -17"><span class='ocrx_word' id='word_1_341' title='bbox 132 3491 287 3562; x_wconf 82' lang='lat' dir='ltr'>sanguine.</span> <span class='ocrx_word' id='word_1_342' title='bbox 301 3534 306 3545; x_wconf 93' lang='lat'>.</span> <span class='ocrx_word' id='word_1_343' title='bbox 318 3536 323 3546; x_wconf 91' lang='lat'><em>.</em></span> <span class='ocrx_word' id='word_1_344' title='bbox 336 3493 413 3559; x_wconf 80' lang='lat' dir='ltr'>(dee.)</span> <span class='ocrx_word' id='word_1_345' title='bbox 434 3489 533 3545; x_wconf 88' lang='lat' dir='ltr'>statim</span> <span class='ocrx_word' id='word_1_346' title='bbox 551 3506 660 3543; x_wconf 85' lang='lat' dir='ltr'>morsus</span> <span class='ocrx_word' id='word_1_347' title='bbox 674 3508 737 3544; x_wconf 91' lang='lat' dir='ltr'>cum</span> <span class='ocrx_word' id='word_1_348' title='bbox 753 3491 891 3560; x_wconf 81' lang='lat' dir='ltr'>sanguine</span> <span class='ocrx_word' id='word_1_349' title='bbox 911 3493 1046 3558; x_wconf 87' lang='lat' dir='ltr'>sequitur.</span> <span class='ocrx_word' id='word_1_350' title='bbox 1068 3494 1150 3562; x_wconf 87' lang='lat' dir='ltr'>[quo-</span> 
     </span>
     <span class='ocr_line' id='line_1_42' title="bbox 131 3560 1190 3633; baseline 0.002 -18"><span class='ocrx_word' id='word_1_351' title='bbox 131 3580 194 3618; x_wconf 91' lang='lat' dir='ltr'>rum</span> <span class='ocrx_word' id='word_1_352' title='bbox 218 3562 382 3633; x_wconf 89' lang='lat' dir='ltr'>passionum</span> <span class='ocrx_word' id='word_1_353' title='bbox 405 3578 486 3616; x_wconf 88' lang='lat' dir='ltr'>curas</span> <span class='ocrx_word' id='word_1_354' title='bbox 509 3564 539 3616; x_wconf 88' lang='lat' dir='ltr'>et</span> <span class='ocrx_word' id='word_1_355' title='bbox 562 3560 742 3630; x_wconf 83' lang='lat' dir='ltr'>diligentiam</span> <span class='ocrx_word' id='word_1_356' title='bbox 764 3561 940 3632; x_wconf 83' lang='lat' dir='ltr'>singulorum</span> <span class='ocrx_word' id='word_1_357' title='bbox 965 3563 996 3615; x_wconf 90' lang='lat' dir='ltr'>in</span> <span class='ocrx_word' id='word_1_358' title='bbox 1019 3563 1150 3631; x_wconf 89' lang='lat' dir='ltr'>sequenti</span> <span class='ocrx_word' id='word_1_359' title='bbox 1187 3573 1190 3581; x_wconf 87' lang='lat'>&#39;</span> 
     </span>
    </p>
   </div>
   <div class='ocr_carea' id='block_1_7' title="bbox 0 0 1200 3922">
    <p class='ocr_par' dir='ltr' id='par_1_7' title="bbox 0 0 1200 3922">
     <span class='ocr_line' id='line_1_43' title="bbox 0 0 1200 3922; baseline 0 2"><span class='ocrx_word' id='word_1_360' title='bbox 0 0 1200 3922; x_wconf 95' lang='lat' dir='ltr'> </span> 
     </span>
    </p>
   </div>
  </div>
 </body>
</html>
