2392 3922
528 172 716 228 GYNAEOIX

91 327 223 382 humoris
242 330 341 383 autem
356 330 423 382 sunt
448 327 579 383 humores
591 333 688 384 autem
699 332 771 383 sunt.
786 331 789 373 1

90 399 139 453 111.
168 398 322 454 sicadotes.
352 399 422 468 hyo-
448 399 495 454 ΠΙ.
512 399 670 455 sciambitis
688 401 772 454 hilia-

92 469 214 525 lodotes.
240 469 420 525 cristaloides
448 473 500 526 tes.
520 470 655 526 cristallo.

94 540 217 612 <salsus
242 540 370 611 geledus.
392 543 421 596 ot

93 611 217 681 frigidus
264 613 329 669 add.
386 614 419 667 in

94 684 216 756 mora).

127 1251 167 1317 (7)
184 1248 335 1318 subposita
352 1252 418 1304 sunt
481 1251 518 1318 (7)
536 1249 684 1318 subposita
704 1252 770 1304 sunt
824 1253 860 1318 (7)
867 1251 1045 1319 superposita
1054 1254 1119 1304 sunt

94 1322 190 1373 autem
225 1336 290 1373 ossa
327 1318 417 1374 oculis
445 1321 542 1373 autem
578 1336 643 1375 ossa
679 1320 768 1375 oculis
797 1337 861 1374 ossa
876 1321 973 1376 oculis.
990 1340 1044 1393 que
1059 1339 1118 1375 ma-

94 1407 164 1458 quas
181 1389 261 1445 mala
281 1407 417 1445 vocamus
445 1407 516 1457 quas
534 1390 604 1446 mila
625 1408 767 1446 vocamus.
796 1391 839 1445 las
856 1409 997 1448 vocamus.
1019 1394 1117 1447 dentes

93 1461 195 1528 quibus
216 1461 327 1515 coerint
349 1465 417 1531 pate
445 1460 548 1528 quibus
572 1465 666 1517 coeret
688 1462 768 1532 pala·
796 1463 884 1517 stiam
915 1464 1023 1518 hahent
1054 1464 1117 1520 viri.

92 1531 169 1586 nomi
199 1532 316 1588 distece.
351 1533 417 1587 den·
445 1533 491 1585 tus
505 1530 581 1587 idest
599 1533 691 1603 spissa
706 1533 768 1588 vin-
796 1534 907 1590 XXXII.
922 1535 1055 1590 mulieres
1068 1552 1117 1589 au·

92 1602 174 1657 cium.
193 1602 302 1657 Dentes
321 1606 418 1658 antem
445 1602 509 1656 cula
519 1603 565 1658 vel
574 1603 767 1673 vicinitas(in·
795 1608 854 1660 tem
862 1606 947 1661 XXX.
964 1608 998 1661 de
1013 1606 1117 1675 quibus

92 1674 210 1727 abemus
223 1673 415 1729 virinnmero.
444 1671 552 1742 timer).
562 1675 660 1729 dentes
671 1678 767 1729 autem
795 1678 894 1730 auctor
933 1676 1118 1746 appollo·

92 1744 203 1799 XXXII.
223 1743 352 1798 mulieris
365 1763 417 1798 nu·
444 1743 765 1802 habemusviriXXXH.
793 1747 871 1800 nius
903 1750 1042 1801 memorat
1075 1747 1116 1800 di-

91 1815 416 1885 meroXXX.Spadones
444 1813 577 1869 mulieres
589 1815 674 1871 XXX.
690 1818 765 1870 unde
793 1833 866 1871 cens.
895 1817 993 1871 iemini
1017 1818 1115 1870 dentes

91 1886 217 1940 XXVHI.
249 1885 285 1940 de
312 1885 416 1955 quibus
444 1887 766 1956 summusauctorapol-
793 1904 881 1954 usqne
918 1888 956 1940 ad
990 1887 1114 1942 caninos

92 1956 227 2010 sumimus
238 1959 339 2010 auctur
349 1974 416 2026 apo·
443 1955 582 2010 lonius
622 1956 765 2012 medicina
793 1956 919 2026 singulas
976 1958 1115 2011 habentes

91 2026 182 2081 lonins
206 2027 349 2081 medicine
375 2027 415 2082 sic
445 2027 579 2083 dentium.
594 2029 726 2101 gentttttlll
740 2029 762 2101 ΗΙ
791 2028 909 2082 radices.
925 2027 977 2080 alii
991 2044 1057 2082 vero
1072 2028 1114 2081 in-

92 2099 132 2152 eit
163 2097 288 2167 genuine
316 2100 415 2153 dentes
443 2097 558 2168 (cavitt)
591 2099 659 2166 quia
692 2115 764 2168 gene
791 2098 879 2154 terius
913 2098 962 2166 qui
992 2099 1113 2153 molares

91 2185 178 2237 usque
184 2169 223 2224 ad
230 2169 350 2222 caninus
359 2169 415 2223 sin-
442 2184 525 2237 grece
539 2169 624 2224 latini
640 2173 704 2224 tota
722 2170 763 2223 fa·
792 2170 931 2224 dicuntur.
942 2169 1050 2223 habens
1058 2173 1113 2224 ter-

90 2240 178 2309 gulas.
207 2239 316 2295 habent
339 2239 415 2294 radi·
443 2238 500 2292 cies
520 2256 583 2293 cum
601 2241 762 2310 palpebras.
791 2258 850 2295 nas.
867 2243 896 2295 et
906 2243 1060 2308 quaternas
1069 2258 1113 2294 ra-

91 2310 414 2379 cesaliiveroquimo-
443 2312 472 2362 et
498 2310 636 2380 gengivas
660 2312 765 2366 dicitur
792 2312 876 2367 dices.

90 2381 156 2436 laris
172 2381 313 2436 dicuntur.
327 2383 415 2436 abent
442 2396 476 2435 eo
490 2383 567 2448 quod
580 2381 660 2436 iuxta
669 2398 764 2452 genna

90 2453 170 2507 binas
180 2455 278 2506 ternas
288 2452 335 2506 vel
346 2469 414 2520 qua·
441 2450 472 2503 in
494 2455 575 2506 utero
599 2452 762 2509 formentur.

91 2528 183 2579 ternas
203 2523 324 2578 radices.
442 2522 541 2603 dentes
555 2540 644 2604 usque
661 2525 699 2577 ad
718 2542 764 2578 ca·

439 2594 764 2721 satistrictis

440 2751 507 2788 vero
535 2734 684 2790 interiores
715 2736 764 2804 qui

440 2805 561 2860 molares
571 2806 704 2860 dicuntur
713 2808 763 2861 ha-

440 2876 509 2930 bent
535 2875 627 2933 binas.
667 2880 763 2932 ternas

440 2946 487 3001 vel
523 2950 676 3016 quaternas
718 2966 763 3002 ra-

441 3017 526 3072 dices.

121 3181 159 3246 (8)
191 3177 312 3232 Palatus
345 3193 412 3231 vero
476 3180 513 3246 (8)
540 3177 671 3247 palatum
695 3195 762 3232 vcro
826 3175 1110 3247 (8)palatoenimlin-

87 3252 182 3302 nostro
206 3248 284 3316 quod
309 3264 412 3302 oranus
440 3250 568 3302 nostrum
594 3250 671 3316 quod
700 3266 762 3303 ora·
788 3265 845 3317 gua
869 3247 1003 3301 subiacet.
1031 3244 1109 3298 cuius

87 3319 163 3399 greci
172 3319 284 3373 dictum
294 3321 338 3373 est
347 3319 412 3372 sub·
439 3336 507 3371 num
539 3319 617 3387 greci
654 3317 870 3416 dicunt.}radix
895 3315 1021 3395 cooperit
1044 3332 1109 3368 oan-

87 3389 163 3446 1acit.
182 3389 228 3443 illi
247 3389 348 3459 lingua
366 3405 412 3442 cu·
440 3388 568 3443 subiacet
590 3389 635 3442 illi
662 3390 761 3459 lingua
787 3387 885 3442 nulam
943 3385 1107 3456 spintalem.

87 3461 131 3514 ius
149 3461 238 3515 radex
256 3460 352 3529 aperit
366 3476 412 3514 ca·
440 3458 519 3512 cuius
551 3460 634 3514 radix
669 3460 761 3529 aperit
788 3475 873 3526 quam
898 3457 976 3527 greci
1006 3472 1108 3510 uranos

189 3550 247 3604 m
254 3549 310 3618 (D)
542 3549 647 3617 IV(P)
906 3547 987 3690 ξω)

889 3641 904 3689 2
933 3635 947 3665 ι
