2392 3922
469 130 738 218 ιιιιιιιιιιιιιιιι.
1047 165 1113 230 305

157 327 384 396 Unguentum
415 325 457 379 ad
492 315 605 379 om'nes
625 324 790 379 ‘'dolores.
837 324 979 380 satureiae
1012 324 1112 379 viridis

87 405 275 475 manipulum,
295 404 477 478 laurilbacas
492 403 570 474 XIII,
590 403 651 458 eius
665 403 798 457 foliorum
812 402 852 456 lib
862 403 896 472 H,
915 407 997 459 rutae
1010 404 1111 458 viridis

87 487 267 554 tantundem,
287 484 396 555 cymini
414 487 553 552 quantum
571 482 684 552 sufficit,
703 481 811 540 salviae
825 482 925 537 viridis
939 496 974 545 ÷
989 484 1036 552 HI,
1051 501 1112 539 ver-

87 567 178 621 benae
192 579 230 626 ÷
243 565 294 634 111,
314 564 410 619 oleum
423 567 561 632 quantum
575 563 688 631 sufficit,
709 578 790 617 cerae
804 562 893 616 libras
913 564 992 633 duas,
1003 568 1006 637 l
1019 568 1055 634 (p.
1069 569 1111 634 70)

90 644 210 715 agrestis
229 643 389 699 cucumeris
403 642 513 698 radices
527 643 599 699 XHI.
629 641 724 697 omnia
742 642 815 697 bens
834 659 922 712 coque
940 643 972 698 in
991 644 1062 713 oleo,
1082 647 1112 698 et
1139 658 1152 699 ι

91 725 190 800 colatis
209 725 286 780 adde
306 741 409 779 ceram
437 723 606 792 ubicumque
624 721 737 777 unxeris
757 722 877 777 habebit
896 722 1034 778 effectum.

160 805 209 860 Ad
228 807 398 859 tumorem
415 803 584 876 tibiarum
607 805 641 858 e't
667 803 796 872 pedum.
826 802 883 856 olei
910 806 1006 873 partes
1032 805 1111 872 duas,

88 884 303 959 acetitertiam,
323 883 392 939 salis
411 882 550 938 coclearia
561 882 609 938 III.
625 882 710 936 simul
728 882 822 938 misce.
842 882 930 936 tibias
949 883 1112 952 frequenter
1180 929 1185 936 .

87 964 193 1034 frigido
213 968 265 1019 aut
276 963 378 1019 calido
396 979 549 1033 perungue
567 965 667 1031 postea
680 979 731 1031 per
749 963 833 1017 horas
852 962 931 1017 faece
950 963 1026 1017 aceti
1043 963 1110 1017 lava

87 1045 184 1099 tibias
1124 1057 1150 1095 ro

159 1124 246 1178 Item
269 1123 312 1178 ad
332 1123 485 1178 dolorem
502 1123 624 1212 pedum
642 1079 676 1178 et
693 1124 870 1184 tumorem
891 1116 1018 1194 ⁴{herbae
1041 1122 1110 1176 cali-

88 1202 206 1271 gulatae
224 1202 324 1258 lolia
315 1221 347 1256 ιιι
364 1219 459 1273 panno
477 1201 581 1256 nudo
573 1219 686 1272 impone
704 1205 734 1257 et
752 1201 844 1256 sub'
820 1217 913 1255 ornere
928 1200 1022 1276 calido
1036 1218 1110 1327 pone

88 1286 117 1336 et
135 1281 260 1352 subliga
291 1281 417 1337 dolorem
434 1281 520 1337 tollit
1131 1305 1134 1309 ·

158 1362 385 1431 Unguentum
401 1361 585 1430 probatum
603 1361 645 1415 ad
659 1361 813 1417 dolorem
830 1379 990 1417 manuum
1004 1365 1038 1416 et
1051 1322 1110 1433 po·

90 1443 240 1512 dagram.
273 1440 373 1498 urinae
391 1440 463 1494 muli
488 1439 606 1496 castrati
624 1440 721 1511 accipe
736 1441 776 1496 ho
785 1443 846 1511 1111
867 1459 984 1512 spumae
998 1445 1111 1512 argenti
1125 1455 1151 1495 15
1177 1466 1181 1474 ·

90 1521 128 1576 lib
142 1523 177 1590 11,
198 1520 256 1576 olei
269 1519 458 1575 vetustissimi
470 1519 587 1588 libram,
607 1521 748 1591 axungiae
762 1522 866 1577 veteris
879 1522 961 1578 libII.
982 1541 1111 1593 spumam

91 1600 202 1671 argenti
221 1603 283 1655 tere
302 1602 331 1655 et
350 1599 391 1654 sic
405 1599 491 1654 misce
510 1599 575 1654 lotii
593 1600 736 1655 modicum
749 1601 780 1655 in
794 1619 862 1658 vase
877 1619 960 1658 aereo
975 1607 1004 1658 et
1021 1621 1110 1672 coque

92 1681 177 1735 donec
197 1680 324 1735 colorem
342 1681 440 1735 mutet.
469 1682 570 1749 postea
589 1681 670 1736 adice
690 1682 784 1737 oleum
797 1685 827 1736 et
845 1683 1000 1753 axungiam
1018 1688 1048 1739 et
1064 1701 1111 1738 co·

93 1776 141 1828 que
159 1759 309 1814 modicum
327 1775 411 1828 super
429 1760 565 1814 carbones
584 1761 720 1828 quamdiu
739 1762 862 1816 colorem
880 1764 999 1817 rubeum
1012 1762 1109 1840 faciat,

94 1843 119 1894 et
135 1856 258 1910 repone.
279 1840 395 1912 quando
414 1855 484 1909 opus
502 1839 597 1910 fuerit,
616 1840 729 1895 induc
721 1861 751 1896 ιιι
769 1841 850 1897 aluta
868 1842 924 1896 et
915 1859 1035 1911 rmpone
1124 1853 1150 1892 ao
1190 1847 1195 1857 ·

156 1920 247 1975 Item
269 1922 525 1991 unguentum
552 1921 594 1974 ad
617 1920 755 1975 scabies
767 1914 815 1974 et
841 1919 951 1974 tibias
979 1923 1108 1989 ruptas.

95 1997 193 2054 inulae
202 1997 332 2053 radicem
350 2001 464 2054 contere
483 2016 547 2052 cum
565 2000 689 2070 axungia
707 1999 824 2069 porcina
839 2001 868 2054 et
884 1998 1008 2068 adiunge
1023 1998 1110 2053 salet

81 2076 246 2149 .foliginem,
268 2082 297 2134 et
316 2095 351 2134 ex
368 2079 422 2133 hoc
442 2080 479 2134 ad
496 2079 592 2149 ignem
609 2083 759 2149 unguatur.

158 2159 247 2213 Item
266 2163 477 2228 unguentum
496 2159 538 2212 ad
551 2159 695 2214 vulnera
714 2177 855 2214 crurum.
884 2157 1016 2212 mastices
1032 2172 1067 2218 ÷
1082 2158 1110 2233 S,

96 2235 177 2291 libani
195 2250 233 2298 ÷
255 2238 287 2307 S,
314 2238 467 2308 lithargyn'
485 2253 521 2298 ÷
536 2239 569 2307 V,
598 2256 727 2294 cerussae
751 2239 791 2294 lib
807 2239 838 2308 S,
870 2238 926 2292 olei
949 2237 1030 2292 fialas
1049 2237 1109 2310 XV,
1124 2249 1150 2289 ιι

97 2318 161 2371 aceti
181 2316 315 2372 acerrimi
333 2316 414 2371 fialas
432 2317 519 2372 XVII.
545 2319 645 2378 omnia
664 2319 768 2373 confice
789 2323 818 2373 et
836 2321 927 2372 utere:

158 2399 246 2452 Item
265 2397 308 2451 a'd
326 2399 493 2452 tumorem
511 2398 792 2468 podagricorum„
814 2398 917 2468 recipit
935 2398 1111 2453 artemisiam

97 2479 120 2529 et
137 2476 205 2531 folia
225 2476 358 2531 hederae.
386 2493 450 2530 cum
468 2481 549 2532 aceto
568 2479 720 2549 diligenter
738 2481 798 2533 tere
818 2482 847 2533 ct
866 2479 907 2532 sic
926 2478 1111 2549 emplastrum

96 2554 206 2625 impone.
237 2554 365 2610 exsiccat
379 2559 408 2610 et
425 2556 548 2627 stringit,
568 2561 597 2612 et
616 2576 727 2614 omnem
742 2558 868 2614 dolorem
887 2558 1004 2614 mirifice
1024 2561 1109 2615 tollit.

96 2637 240 2703 probatum
259 2639 311 2691 est.
910 2665 913 2672 ·
1124 2650 1150 2689 ao

158 2718 247 2772 Item
261 2718 304 2771 ad
317 2717 507 2787 podafgram
521 2721 555 2772 et
568 2719 740 2772 tumorem.
765 2717 942 2788 plantaginis
957 2718 1028 2773 foIIa
1043 2735 1108 2772 oon·

96 2800 154 2850 tusa
173 2814 239 2851 cum
257 2796 370 2851 modico
390 2795 448 2850 sale
467 2796 609 2866 imposita,
629 2797 767 2867 optimum
785 2800 836 2853 est.

157 2878 245 2948 Item
268 2876 310 2931 ad
333 2876 457 2945 pedum
485 2876 636 2931 dolorem
667 2880 701 2931 et
721 2880 894 2932 ‘tumorem
920 2894 1107 2932 nervorum.

92 2956 265 3012 senecionem
288 2955 408 3035 herbam
430 2973 494 3010 cum
517 2956 641 3026 axungia
664 2955 762 3011 tritam
786 2961 815 3012 et
839 2957 1013 3027 impositam,
1037 2956 1108 3009 mire

92 3038 176 3091 sanat.
1098 3041 1148 3094 ,35

155 3173 366 3244 tmanipl’b.
422 3175 603 3232 coliculis.
620 3179 643 3232 1.
700 3177 817 3232 8simul
835 3176 929 3231 misce.
953 3175 1014 3229 fece
1034 3174 1107 3228 aceti

90 3255 132 3302 rto.
153 3250 205 3316 (cic
224 3249 267 3303 aa
285 3264 357 3302 cao.
373 3249 448 3316 9)1.
502 3247 641 3318 afrigido
661 3251 713 3303 aut
731 3251 821 3304 calb.
877 3253 909 3300 11
929 3245 1108 3315 caliglateb.

91 3316 385 3388 ledolflaltollb
460 3318 642 3374 uterinae.
719 3319 1035 3388 Spuma(etc.aco.)b.

91 3393 119 3442 17
137 3390 232 3446 lutib.
328 3393 361 3443 18
381 3388 475 3443 calore
493 3391 611 3445 iutetb.
684 3396 718 3443 20
738 3389 863 3444 alueab.
944 3394 976 3440 21
998 3387 1106 3441 scabb.

88 3464 119 3513 11
135 3460 273 3516 Enuleb
350 3463 385 3513 21
405 3458 619 3530 clibanicus
587 3477 669 3516 ιιειι
666 3465 743 3540 pra).
813 3461 933 3524 27111.
990 3463 1022 3512 31
1043 3473 1108 3510 con-

87 3534 213 3588 tunsat.
270 3535 307 3585 34
325 3529 466 3586 Senicion.
486 3521 622 3588 Herbab.
697 3530 768 3586 trita
787 3532 818 3586 et
833 3532 934 3602 sporta
948 3531 979 3587 b.

135 3630 275 3673 'l'luoodom
286 3628 406 3670 Pduclauu
393 3639 425 3680 aa
440 3629 473 3670 ed.
484 3629 566 3672 Rosa.
929 3625 971 3687 ‘XV
