2392 3922
510 174 674 229 roardus.
1034 174 1099 240 145

69 336 282 398 commotiones
308 339 440 399 minime
464 338 658 417 profecturas.
700 357 771 418 erga
795 340 933 402 omnibus
958 342 1098 421 querellis

69 423 106 486 rel
124 427 230 487 causis
255 428 377 506 capitis
395 426 604 488 indifferenter
622 428 679 489 hoc
697 431 840 509 temporis
863 430 1018 490 intervallo
1038 450 1097 492 unc

69 514 229 594 eodemque
254 516 355 576 modo
382 515 459 576 haec
487 522 533 576 est
561 534 632 577 cura
660 524 690 578 et
717 517 871 596 diligentia
893 521 1098 601 ministranda,

69 602 205 664 amnibus
237 604 293 664 bic
329 604 440 665 modus
474 610 520 664 est
550 605 775 685 impendendus,
826 609 888 667 vini
915 610 1098 670 continentia

69 693 251 772 supradictis
271 692 418 754 omnibus
442 692 583 772 querellis
602 696 708 773 capitis
726 695 857 773 prodest.
899 695 983 757 lactis
1002 709 1123 776 aequet

69 780 208 842 similiter
233 783 376 861 acceptio
400 781 540 860 fugienda
563 789 622 862 est,
650 801 738 861 quam
766 785 894 844 maxime
918 787 1032 845 sicum
1055 787 1097 846 fe-

70 868 171 931 bribus
195 869 334 931 doleant.
375 876 494 931 namet
516 868 699 949 dactylorum
722 875 856 932 omnium
879 873 970 934 multo
994 877 1096 953 magis.

70 961 184 1019 ventris
217 960 365 1038 purgatio
398 960 639 1038 frequentissima
667 961 854 1038 procuranda
886 968 944 1042 est,
980 962 1097 1023 fricatio

70 1049 160 1108 tatius
181 1049 327 1127 corporis
347 1066 437 1127 quam
455 1048 582 1107 maxime
601 1049 776 1109 inferiarum
795 1051 925 1128 partium
950 1050 1097 1111 femorum

72 1135 114 1195 rel
142 1153 306 1217 surarum,
335 1135 445 1214 quibus
473 1139 615 1196 exercitio
648 1130 797 1198 calefactis
825 1156 861 1198 ex
890 1138 1138 1216 superioribns1⁰

71 1242 193 1285 cansam
208 1242 334 1284 omnem
349 1223 493 1285 devocare
511 1223 668 1285 valeamus.
705 1226 974 1305 apoflegmatismos
989 1227 1097 1305 quibus

71 1322 160 1392 capnt
194 1312 390 1392 purgandum
422 1314 480 1373 erit
515 1316 654 1374 convenit
685 1314 834 1376 adhibere.
891 1318 1028 1375 convenit
1061 1317 1096 1376 de

71 1401 198 1463 naribus
223 1401 272 1461 rel
301 1420 338 1462 ex
367 1401 465 1462 fronte
494 1403 646 1479 sanguinis
674 1420 726 1462 aas
756 1403 939 1465 detractione
962 1404 1096 1465 relevari.

71 1509 138 1551 nam
164 1497 292 1569 etpost
319 1508 455 1550 rasuram
483 1492 588 1568 capitis
616 1490 787 1552 cucurbitas
810 1511 879 1552 cum
908 1493 1096 1554 scarifatione

71 1598 160 1660 saepe
177 1577 382 1639 adhibuimus.
409 1580 458 1639 cni
471 1575 545 1659 <et>
559 1579 752 1658 emplastrum
769 1581 847 1641 infra
866 1583 1011 1659 scriptum
1025 1601 1093 1643 con·
1110 1593 1135 1635 ¹⁵

71 1671 161 1729 venit.
186 1666 399 1747 [emplastrum
414 1669 520 1747 capitis
534 1667 621 1746 longa
635 1667 746 1728 doloris
760 1669 921 1730 valitudine
936 1669 1096 1731 laborantis

71 1759 101 1817 in
118 1756 317 1818 dialimmate.
353 1757 429 1816 ficus
442 1758 562 1836 pinguis
576 1758 608 1816 in
621 1759 690 1817 vinc
705 1757 844 1818 infundes
858 1757 919 1819 unc
932 1757 976 1818 VI.
992 1748 1096 1819 lasar'is

143 2023 160 2069 1
181 2015 363 2084 profecturas
382 2015 429 2084 (ὓς
447 2014 608 2084 profuturas
626 2016 698 2072 er.
796 2021 814 2068 4
833 2014 955 2088 <similis
974 2017 1038 2070 cdd.
1059 2017 1096 2087 b>

70 2087 113 2140 bic
128 2087 239 2139 modus
252 2088 301 2141 rb:
321 2085 367 2138 his
381 2085 472 2139 modis
482 2088 516 2142 B.
581 2092 701 2155 bneque
711 2085 863 2157 (similiter)
872 2087 909 2155 B,
927 2086 1054 2153 adaeque
1068 2106 1096 2141 r:

70 2175 119 2212 on.
141 2160 168 2212 b.
297 2161 314 2208 6
334 2155 563 2226 acceptio-nam
582 2159 611 2211 et
628 2160 703 2227 r(b):
723 2174 773 2213 om.
793 2158 890 2227 B(rrbr'
908 2159 948 2212 sic
966 2159 994 2211 b:
1013 2156 1096 2210 lactis

71 2228 209 2282 similiter
230 2226 358 2297 acceptio
379 2243 464 2296 quam
481 2227 602 2282 maxime
621 2228 757 2299 fugienda
776 2230 827 2297 est,
847 2227 872 2282 si
890 2244 953 2282 cum
971 2227 1097 2281 febribus

70 2302 159 2370 capnt
180 2297 288 2353 doleat.
327 2315 395 2351 nam
420 2301 449 2351 et
471 2298 640 2353 dactilorum
663 2299 788 2353 omnium
810 2298 947 2369 fugienda
969 2300 1012 2352 est
1036 2298 1097 2352 dul-

70 2371 149 2425 cedo.
190 2368 301 2423 ventris
320 2368 456 2439 purgacio
474 2369 648 2437 frequentius
666 2372 725 2425 fiat.
754 2371 783 2424 et
800 2369 912 2424 fricatio
930 2368 1019 2424 totius
1038 2387 1097 2424 cor-

70 2442 147 2510 poris
175 2457 265 2509 qnam
283 2439 406 2493 maxime
424 2438 588 2494 inferiorum
605 2440 730 2512 partium
748 2443 816 2510 etc).
898 2448 994 2512 spesi
1013 2458 1098 2510 quam

71 2512 198 2565 maxime
223 2513 256 2564 irs
278 2517 383 2565 matum
400 2511 448 2565 rB
470 2512 542 2578 falso
566 2513 623 2567 loco
650 2513 794 2567 traductum
816 2517 855 2567 est
879 2514 951 2582 qaod
975 2516 1098 2584 marcini

70 2586 153 2649 infra
167 2588 270 2637 aeder
283 2583 462 2650 adscripserit
475 2582 594 2651 em(in—
604 2582 770 2653 rtplastrum
779 2581 881 2652 capitis
893 2584 962 2653 (-ti
973 2586 997 2654 r)
1012 2584 1098 2654 longa

70 2653 180 2708 doloris
197 2651 359 2707 valitudine
368 2651 524 2706 laborantis
535 2653 605 2722 (-ti
617 2657 650 2723 r).
679 2653 710 2706 in
724 2652 975 2724 diali(eB)mmate
990 2657 1097 2725 (bucus-

70 2743 121 2795 que
141 2742 179 2779 err
198 2725 316 2778 rubrica
332 2724 417 2778 scribi
429 2725 546 2792 maistam,
568 2726 645 2794 sequi
657 2727 715 2794 ipsc
734 2731 832 2793 textus,
850 2730 1098 2794 persuasoriam
1150 2727 1154 2732 '

71 2797 177 2850 addidi
196 2811 260 2849 cum
279 2796 306 2863 b)
324 2794 391 2847 ficos
406 2793 733 2865 pingues-novaculae.
835 2801 867 2848 11
887 2797 1022 2851 devocare
1040 2797 1096 2849 rB:

71 2882 195 2921 evocare
216 2867 239 2920 b.
388 2870 420 2918 12
436 2873 499 2934 post
518 2864 652 2919 adhibere
671 2866 735 2920 cdd.
751 2866 766 2919 b
784 2866 918 2921 talibus
937 2869 1097 2937 tensamque

72 2939 204 3006 deinceps
232 2937 462 2990 emanaratiorwm
478 2937 562 2991 banc:
582 2936 651 3008 Betp
670 2934 773 2989 radicis
794 2954 932 2992 sucus
1032 2950 1097 2987 con-

72 3007 154 3061 venit
173 3008 294 3062 alteram
312 3023 362 3062 mn.
377 3024 400 3060 r.
492 3011 525 3060 14
544 3006 726 3061 scarifatione
740 3008 884 3076 (-aci0ne
899 3009 924 3076 b)
943 3007 991 3061 rb:
1012 3004 1097 3057 scari·

72 3079 210 3132 litatione
220 3078 256 3131 B.
369 3083 401 3130 15
421 3077 552 3132 adhibffil
567 3077 720 3147 (-bemus)
740 3078 763 3132 b.
850 3077 896 3131 cui
914 3075 1098 3144 emplastrum

73 3149 90 3203 'n
112 3168 134 3204 s.
155 3147 292 3203 convenit
310 3148 346 3216 B,
370 3149 420 3201 aut
438 3149 592 3219 emplastra
614 3148 688 3203 infra
713 3149 819 3218 scripta
844 3146 976 3202 convenit
998 3164 1024 3200 r:
1052 3145 1097 3198 cui

75 3254 264 3324 emplastrum
291 3254 346 3308 hoc
374 3270 457 3325 saepe
485 3255 622 3311 convenit.
660 3233 766 3326 qui(r¹1)
790 3272 807 3309 a
828 3253 910 3307 nobis
937 3253 991 3306 hoc
1013 3251 1096 3305 modo

75 3327 226 3380 conficitur
249 3328 265 3381 b
289 3327 376 3395 (quod
408 3328 583 3398 emplastrum
614 3344 700 3396 supra
726 3329 882 3382 babuerunt
908 3324 968 3392 rB,
997 3324 1031 3390 cf.
1060 3323 1098 3377 cd

78 3417 98 3452 r.
115 3401 152 3464 9).
266 3402 299 3450 17
318 3397 386 3450 ficos
400 3399 450 3467 (B,
469 3415 502 3465 us
516 3401 562 3468 rb)
580 3397 699 3479 pingues
720 3400 794 3453 er.
884 3394 1015 3448 infundes
1036 3395 1096 3449 bB:

78 3468 206 3593 {ardendo
224 3487 267 3592 r.I
323 3472 381 3523 und
394 3471 438 3538 (÷
452 3472 477 3537 r)
492 3469 538 3525 VI.
553 3468 655 3522 lasans
675 3469 792 3540 dragma
802 3469 829 3537 (3
842 3469 867 3536 r)
886 3466 906 3521 1.
925 3466 983 3534 rB,
1000 3465 1047 3521 VI.
1062 3478 1098 3524 -ἰ-

119 3539 190 3593 saris
204 3552 241 3600 ÷
270 3541 315 3594 .b.

132 3639 266 3680 Theodorus
278 3637 419 3691 Priscianus,
434 3639 468 3680 ed.
483 3638 565 3681 Rosa.
905 3632 938 3682 10
