2392 3924
345 171 578 225 nnnomsrou
594 171 854 225 FAENOMENON.
1073 169 1115 234 83

95 343 270 415 temptante.
308 335 531 397 fomentandum
549 345 595 397 est
613 339 728 397 interea
748 355 784 395 ex
804 355 878 414 aqua
896 336 932 396 de
952 339 1114 415 stymmati-

93 425 165 504 hm,
192 426 225 484 in
249 442 308 503 qua
330 427 419 503 coqui
442 424 551 485 debent
578 432 629 486 aut
656 431 772 485 murtae
795 425 899 484 viridis
923 432 973 486 aut
996 425 1116 486 lentisci

93 513 165 574 lolia
189 520 241 573 aut
263 512 333 574 rubi
356 521 408 573 aut
427 514 520 574 olivae
544 520 594 574 aut
617 532 669 574 rus
694 515 810 592 syriaci
857 515 942 573 cuius
965 513 1063 593 pulvis
1088 517 1115 574 si

92 609 163 681 post
192 602 359 662 lomentum
386 609 561 681 aspergatur
589 604 730 662 continuo
759 601 938 681 operabitur.
985 603 1115 682 desuper

92 708 164 751 vero
193 690 232 750 de
259 690 362 750 herbis
390 691 569 770 supradictis
596 691 805 770 cataplasmate
828 692 1045 751 imminendum
1069 699 1115 752 est
1141 705 1154 745 ⁵

93 798 163 840 cum
195 777 285 839 melle
314 781 490 839 commixtis.
536 798 605 839 nam
633 787 663 839 et
689 781 765 860 vini,
791 786 826 840 ut
852 779 965 860 mellis,
997 782 1115 859 species
1143 839 1149 850 ,

94 864 361 946 praetermittenda
394 885 455 928 non
488 874 541 928 est.
598 870 780 928 continentia
813 887 883 928 vero
916 868 1052 929 ciborum
1085 877 1115 929 et

93 958 208 1016 ventris
231 957 370 1034 purgatio
393 956 566 1034 frequenter
589 957 741 1034 provideri
764 956 861 1017 debet.

183 1042 295 1122 quibus
318 1062 388 1104 vero
412 1044 468 1104 sub
493 1046 678 1124 operimento
702 1047 779 1106 cutis
803 1045 894 1105 veluti
918 1046 1113 1105 exochadium

93 1133 185 1194 suerit
222 1139 339 1213 natum,
376 1133 492 1193 elaterii
527 1133 650 1212 pulvere
687 1134 869 1212 tangendum
902 1135 967 1193 erit.
1021 1133 1114 1211 aliqui
1129 1152 1153 1192 ιο

94 1221 283 1281 menidarum
306 1223 435 1300 piscium
459 1223 555 1301 capita
578 1225 649 1282 trita
672 1224 888 1300 imposuerunt.

337 1397 339 1402 ·
393 1380 516 1442 XXVIII.
553 1381 600 1441 ne
623 1382 817 1442 herniosis.

182 1485 313 1546 Hernias
336 1487 483 1547 inlautum
508 1487 696 1566 frequentius
719 1496 905 1566 emergentes
929 1489 973 1547 sic
997 1487 1165 1552 cumbi-79

92 1593 169 1635 mus.
221 1577 354 1634 resinam
389 1577 536 1654 pituinam
571 1578 695 1657 siccam,
731 1579 857 1658 nitrum,
894 1579 1044 1655 cyminum
1076 1595 1112 1636 ex

93 1729 122 1780 et
138 1726 299 1795 spatomele
315 1728 444 1781 tentante
465 1728 532 1796 aaz„
552 1730 581 1781 et
598 1744 649 1797 per
667 1727 743 1782 diem
763 1729 929 1798 spatomelle
948 1729 1112 1798 temperabo
1178 1777 1185 1789 ,

92 1797 201 1869 tbpsbo
216 1799 254 1866 b):
273 1814 324 1867 per
342 1797 418 1852 diem
437 1815 539 1868 spargo
557 1799 641 1852 melle
659 1799 756 1869 tepido
775 1801 803 1853 Β
822 1803 862 1870 (l).

169 1874 184 1920 1
205 1867 241 1921 de
260 1867 329 1937 sty(i
343 1869 523 1939 b)mmstibus
538 1870 636 1925 wel:
656 1869 864 1924 destinantibus
879 1888 901 1939 r,
922 1871 957 1923 de
972 1869 1111 1924 scismati-

91 1940 146 1993 bus
164 1939 201 1992 Β.
276 1938 341 1992 2in
359 1955 414 2007 quo
432 1958 456 2006 r,
475 1939 505 1994 in
523 1957 599 2009 aqua
618 1941 686 2010 aet„
704 1957 778 2010 quae
796 1941 826 1994 in
845 1958 920 2009 aqua
938 1941 966 1993 Β
980 1942 1055 2009 (boec
1072 1944 1112 1995 sic

91 2011 172 2065 babet
191 2011 220 2064 b:
239 2008 282 2064 De
296 2009 489 2065 stimmatibus
507 2011 678 2065 fomentabis
698 2028 732 2065 ex
751 2028 826 2080 aqua
844 2012 875 2064 in
893 2028 949 2079 qua
968 2011 1111 2064 decoreris

92 2082 142 2134 sut
160 2079 278 2133 mirtam
296 2080 416 2134 viridem
435 2084 485 2135 ant
503 2081 653 2136 lentiscum
679 2084 729 2135 aut
750 2083 852 2136 rubum
871 2084 921 2135 aut
940 2080 1014 2135 olive
1033 2080 1109 2136 folia.

92 2153 143 2205 aut
160 2167 209 2204 ros
227 2150 387 2220 symaoum).
461 2154 511 2206 aut
528 2152 607 2206 misti
621 2155 722 2225 (murts
737 2155 762 2222 r)
781 2172 806 2208 v.
827 2156 877 2206 aut
894 2151 1008 2205 lentisci
1025 2151 1110 2207 foliis.

91 2221 166 2291 (rubi
190 2223 243 2275 aut
265 2221 358 2276 olivae
376 2224 440 2278 add.
460 2224 498 2292 Β)
524 2225 574 2277 ant
598 2240 679 2277 rosae
703 2223 795 2277 siccae
813 2224 873 2278 rB:
894 2224 944 2276 aut
961 2224 1070 2290 myrtus
1084 2241 1110 2277 v.

91 2296 142 2348 sut
169 2291 308 2347 lentiscus
341 2295 391 2347 aut
417 2294 504 2348 rubus
533 2295 584 2347 aut
611 2294 703 2348 olivae
732 2296 782 2347 aut
808 2310 853 2347 ros
886 2293 1027 2362 syriacum
1051 2294 1110 2350 Get.

91 2368 109 2416 4
126 2365 194 2434 post
213 2364 313 2420 beist:
332 2380 383 2434 per
400 2365 435 2421 B.
527 2365 691 2435 operabitur
708 2366 749 2434 B,
769 2367 901 2434 operatur
918 2384 945 2419 r:
965 2363 1111 2419 curabitur

90 2435 161 2503 aas,
179 2434 311 2489 medetur
328 2437 352 2489 b.
477 2440 493 2487 ὅ
514 2436 560 2504 (de
579 2438 643 2491 add.
662 2441 687 2503 r)
706 2435 801 2489 herbis
821 2453 905 2505 supra
924 2435 1008 2490 dictis
1029 2440 1066 2506 (is
1083 2439 1109 2506 b)

89 2507 126 2561 rb
136 2506 212 2560 Get:
232 2504 274 2558 De
287 2505 438 2559 herbarum
451 2505 678 2575 supradictarum
692 2508 726 2560 B.
807 2507 1013 2576 cataplasmate
1027 2508 1109 2563 rbB:

91 2575 270 2645 cataplasma
290 2575 348 2632 Get.
421 2576 484 2646 im(i
497 2577 709 2646 rb)minendum
727 2578 810 2633 rbB:
830 2578 1030 2647 imponendum
1050 2580 1108 2635 aet.

90 2648 154 2700 tut
165 2646 197 2701 Β
203 2669 210 2701 r
228 2645 276 2700 vel
295 2647 319 2716 b,
339 2648 368 2700 et
385 2647 470 2704 rGel.
518 2653 533 2700 7
553 2648 849 2703 continentia-debet
866 2651 914 2703 rB
930 2651 992 2706 Gal:
1015 2648 1109 2703 (lonti-

89 2717 189 2772 nentia
208 2732 276 2771 vero
300 2717 427 2772 ciborum
445 2717 475 2771 in
493 2718 600 2772 ventris
624 2736 690 2773 cura
712 2719 874 2788 frequenter
895 2721 957 2774 fieri
980 2720 1066 2775 debet
1083 2723 1108 2776 b.

89 2804 155 2843 vero
173 2788 258 2844 er:
277 2787 338 2842 lieri
358 2790 416 2844 Get.
491 2794 506 2842 9
527 2788 769 2854 Quibus-natum
787 2792 906 2847 rbGed:
931 2809 980 2846 om.
1001 2791 1036 2845 Β.

89 2859 167 2915 subr
179 2859 252 2915 Get:
263 2875 314 2915 om.
328 2860 351 2915 b.
406 2859 592 2914 exochadium
603 2862 674 2917 θεῖα
685 2861 867 2916 exoccadium
877 2863 900 2930 b,
911 2860 1107 2916 exocadiumr.

90 2936 124 2984 10
143 2946 258 3000 quoque
277 2932 354 2998 (post
371 2929 501 3000 Elaterii)
521 2933 584 2986 odd.
599 2933 627 2986 B
641 2935 707 3001 (nou
725 2933 830 3000 rdet).
930 2929 1108 2999 aliqui-im-

88 3003 245 3073 posuerunt
262 3001 312 3055 rB
322 3002 395 3057 Get:
414 3019 464 3056 om.
484 3003 508 3056 b.
592 3008 623 3055 11
643 3002 818 3057 menidamm
834 3003 906 3057 aas:
925 3001 1066 3053 minarum
1084 3020 1107 3070 r,

88 3072 272 3128 minimorum
290 3073 326 3127 B.
397 3072 468 3126 trita
486 3074 546 3128 rB:
566 3090 615 3128 orn.
636 3074 694 3129 aas.
777 3073 844 3127 Post
861 3071 1035 3141 tangendum
1054 3071 1109 3125 erit

88 3146 148 3200 alia
161 3145 292 3214 plutima
309 3144 389 3198 addit
407 3145 435 3199 b:
454 3143 632 3214 Plantaginis
652 3161 749 3197 sucum
767 3143 895 3213 tepidum
1013 3146 1045 3193 12
1064 3144 1107 3197 tit.

88 3215 129 3270 De
158 3213 287 3269 erniosis.
311 3214 421 3270 XXVII.
450 3215 486 3281 B,
513 3214 555 3269 De
573 3215 719 3269 herniosis.
742 3213 897 3267 ramicosis.
920 3211 1107 3280 hydrocelicis

88 3285 279 3342 interoceIioIs
299 3286 315 3339 b
334 3288 371 3354 (et
387 3303 414 3355 c,
438 3288 486 3356 gwi
503 3287 568 3341 add.
592 3286 633 3339 De
656 3283 878 3355 experimentis),
904 3283 945 3336 De
968 3281 1107 3337 herniosis

89 3357 227 3412 maiorum
256 3355 414 3412 sliammve
440 3358 567 3410 aetatum
589 3357 673 3411 rGel.
694 3357 754 3424 (ubi
776 3354 915 3407 Maiorum
942 3360 989 3409 etc.
1017 3360 1108 3410 textos

89 3430 170 3484 initio
182 3430 266 3484 babet
279 3429 313 3497 r).
379 3434 412 3481 13
422 3427 564 3481 infantum
577 3444 592 3481 r
603 3427 675 3481 Get:
695 3424 802 3477 -tium
812 3426 867 3479 bB.
932 3424 1106 3493 frequentius

88 3535 130 3589 rB
141 3535 212 3593 Get:
226 3517 334 3590 fottius
344 3534 402 3606 (sic)
410 3535 434 3591 b.
490 3532 649 3587 curabimus
664 3533 700 3602 B,
716 3530 842 3586 -rimus
853 3531 926 3588 Get:
942 3549 1070 3588 curamus
1081 3534 1105 3589 b.

912 3622 946 3677 gs
