2392 3922
129 175 195 240 330
461 172 808 225 Psauuo-snsouosr

340 370 388 423 Ad
401 371 438 423 id.
454 370 496 436 II,
510 371 548 423 29
563 370 610 438 (92
625 373 689 436 post
707 369 841 420 acescunt
859 364 936 435 cibi).

199 449 320 520 [Quibus
344 466 410 503 vero
434 448 536 518 flegma
560 448 726 516 supernatat
748 448 778 499 et
801 445 859 499 cibi
882 444 1050 513 frequenter
1074 461 1150 499 aces·

127 531 215 600 cunt]
235 528 336 583 calidis
357 528 469 582 curabis
484 526 698 582 medicamentis
714 525 773 580 sive
787 524 963 579 extrinsecus
983 525 1149 580 adhibendo

128 609 187 663 sive
209 626 260 678 per
283 627 314 663 os
334 609 436 662 dando,
466 611 495 661 et
514 607 538 660 si
560 606 680 660 nimium
702 605 805 675 flegma
828 605 858 658 in
883 605 1067 660 stomachum
1090 621 1149 659 sen-

101 689 197 751 566116
215 689 262 743 vel
281 688 311 741 in
330 707 361 743 os
379 687 486 742 ventris
506 703 567 741 esse
586 688 766 756 congestum,
786 685 909 754 oxymeli
928 684 1064 739 conficies
1083 684 1149 739 tale.

121 763 244 822 'feniculi
262 769 368 823 radicis
383 768 496 822 corticis
511 782 546 826 ÷
559 767 619 834 VII,
639 765 732 820 mellis
746 765 787 818 lib
802 766 823 832 I,
842 766 917 820 ireos
931 765 1067 835 illyricae
1080 767 1148 836 ÷I‚

127 849 208 917 ysopi
223 863 258 908 ÷
272 850 332 904 ΠΗ,
360 849 431 903 haec
449 852 534 901 tunsa
552 847 583 900 in
602 846 676 900 aceti
695 846 752 901 951
769 845 862 914 pridie
880 847 1025 918 infundes,
1048 849 1149 903 deinde

128 928 205 983 lento
229 931 290 999 igni
314 946 417 998 coques
440 945 528 996 usque
552 930 663 981 acetum
687 927 724 979 ad
747 925 872 979 medium
897 926 1005 983 veniat.
1041 928 1148 983 colabis

127 1010 282 1079 munditer,
307 1010 402 1077 sicque
421 1008 476 1062 mel
496 1008 583 1061 addes
607 1006 843 1076 suprascriptum,
871 1009 901 1061 et
923 1025 1022 1062 rursus
1048 1027 1149 1080 coques

89 1113 114 1150 10
129 1091 218 1145 donec
232 1093 344 1144 acetum
359 1091 539 1142 consumatur
553 1089 582 1141 et
596 1088 633 1140 ad
647 1086 740 1141 mellis
758 1087 974 1156 spissitudinem
992 1090 1148 1160 redigatur.

128 1169 194 1223 hinc
210 1169 291 1223 dabis
307 1167 446 1223 coclearia
460 1167 513 1221 HII
532 1184 596 1220 cum
610 1184 684 1235 aqua
699 1166 801 1236 calida,
822 1169 851 1220 et
865 1166 952 1221 aforis
973 1168 1148 1237 epithemate

128 1249 314 1318 polyarchion
333 1247 428 1302 uteris.
450 1247 505 1317 [his
525 1250 554 1301 et
572 1246 710 1300 bubulam
729 1246 791 1300 dari
811 1247 938 1302 suadeo.
956 1292 962 1302 .
979 1292 985 1303 .
1002 1249 1052 1305 Pr.

127 1375 175 1426 Ad
189 1373 230 1440 ΙΙ,
247 1377 283 1426 30
299 1376 359 1438 (98)
380 1372 425 1424 De
444 1369 628 1424 lumbricis
649 1375 722 1440 (poet
744 1373 857 1425 mentae
876 1370 979 1426 viridis
1000 1373 1147 1445 decoctio).

199 1450 348 1520 [Similiter
366 1452 479 1503 mentae
498 1450 598 1504 viridis
618 1450 759 1522 decoctio]
779 1455 920 1520 operatur.
946 1453 1067 1508 rafanus
1088 1473 1149 1509 cum

88 1552 113 1588 15
128 1529 186 1583 sale
202 1533 329 1599 sumptus
345 1546 427 1584 omne
441 1547 530 1598 genus
544 1530 665 1599 perimet
679 1530 887 1586 lumbricorum.
907 1531 939 1585 in
957 1550 1029 1602 sapa
1044 1534 1148 1589 ferrum

128 1609 327 1678 aeruginosum
345 1609 504 1679 extinguito
524 1611 648 1663 candens
668 1627 701 1664 ac
719 1610 801 1680 potui
823 1612 899 1666 dato.
929 1611 1102 1668 afronitrum
1120 1616 1149 1669 in

127 1689 193 1744 vino
214 1689 337 1743 solutum
350 1689 431 1758 potui
451 1690 526 1744 dato.
555 1690 601 1743 vel
620 1689 683 1759 ipsa
702 1690 790 1744 herba
808 1694 921 1760 sumpta
940 1710 1050 1748 summe
1070 1695 1148 1751 facit.

128 1772 211 1825 betae
230 1788 293 1824 curn
313 1769 369 1823 alio
385 1771 519 1824 decoctae
534 1771 701 1824 sumendum
715 1788 779 1824 cum
793 1771 855 1826 oleo
875 1774 904 1825 et
921 1772 982 1827 sale
1001 1775 1149 1830 conditum

129 1853 209 1920 dat0‚
229 1850 381 1904 lumbricos
401 1854 431 1904 et
448 1850 560 1904 taenias
580 1850 671 1904 eiciet.
691 1850 853 1919 lupinorum
872 1868 948 1920 aqua
966 1853 1018 1907 ubi
1038 1855 1148 1910 decocti

88 1951 114 1987 ao
130 1936 195 1986 sunt
214 1932 314 1986 addita
332 1935 397 1986 ruta
416 1934 445 1985 et
458 1930 563 2001 pipere,
582 1930 664 2000 potui
679 1930 754 1984 dato.
782 1930 860 1985 mala
873 1933 979 2000 punica
994 1935 1031 1987 ad
1046 1935 1147 1989 tertias

128 2031 203 2080 aqua
231 2013 369 2080 decoquas
399 2015 427 2066 61
452 2012 545 2080 ipsam
570 2028 673 2078 aquam
696 2011 777 2080 potui
807 2011 881 2067 dato.
910 2013 1034 2068 hederae
1065 2016 1147 2070 albae

128 2094 214 2147 bacas
232 2096 293 2147 tere
317 2096 345 2147 et
369 2092 400 2144 in
425 2091 547 2160 oxymeli
566 2091 647 2161 potui
667 2092 742 2147 dato.
772 2092 868 2146 inulae
887 2093 988 2146 viridis
1008 2112 1093 2150 sucus
1114 2097 1147 2151 de

127 2174 223 2228 radice
247 2174 307 2228 eius
332 2173 446 2242 tepidus
469 2171 550 2241 potui
575 2172 657 2226 detur
659 2213 803 2227 .......
823 2172 928 2226 herbae
948 2173 1079 2230 decoctio
1098 2194 1146 2246 po-

127 2253 170 2307 tui
187 2256 191 2322 l
209 2258 246 2322 (p.
257 2258 324 2322 122)
345 2255 434 2308 detur.
459 2252 601 2306 coriandri
619 2269 708 2321 grana
721 2251 761 2306 XI
778 2269 841 2305 cum
855 2269 929 2320 aqua
943 2253 1028 2322 pisile
1048 2257 1147 2312 crebro

88 2347 113 2384 25
129 2333 282 2387 destillato.
320 2333 395 2404 [Cibi
415 2333 502 2386 dandi
521 2335 586 2386 sunt
607 2331 784 2401 digestibiles
801 2377 806 2388 .
823 2377 828 2387 .
845 2377 851 2387 .
867 2333 914 2388 Pr.

162 2458 210 2509 Ad
224 2457 266 2522 II,
282 2461 315 2509 31
333 2460 410 2523 (102)
430 2457 476 2509 De
497 2455 733 2523 dysentericis
749 2457 823 2525 (post
840 2458 1004 2526 reponenda
1023 2464 1110 2530 sunt).

198 2552 271 2601 quae
294 2538 338 2603 (sc.
358 2535 436 2604 vina)
454 2535 497 2589 ita
521 2535 708 2590 conficiuntur
732 2537 766 2590 de
791 2535 912 2605 dactylis
936 2537 982 2592 vel
1002 2540 1095 2594 sorbis
1114 2542 1149 2594 ut

127 2617 193 2668 ante
211 2614 303 2682 pridie
324 2616 431 2683 dactyli
449 2617 479 2670 in
497 2617 564 2672 vino
583 2616 771 2672 infundantur
789 2621 818 2672 et
836 2617 894 2672 alia
914 2617 959 2672 die
979 2618 1037 2673 levi
1053 2639 1147 2689 pruna

127 2697 284 2761 coquantur
301 2695 419 2762 modice,
440 2699 469 2750 et
488 2699 581 2752 colato
600 2698 667 2752 vino
685 2699 742 2768 ipsi
762 2699 869 2768 dactyli
888 2698 1047 2767 apatiente
1066 2719 1146 2754 man-

87 2775 273 2843 inducentur,
293 2779 322 2829 et
340 2776 437 2829 vinum
456 2777 582 2831 calidum
599 2779 681 2848 potui
700 2780 790 2834 detur.

198 2972 391 3026 4116666616.
411 2989 461 3056 scr.
482 2975 505 3028 b.
578 2974 610 3027 in
628 2951 702 3028 sto⁰m
721 2975 743 3028 b.
800 2975 970 3040 scongesta
990 2976 1014 3029 b.
1085 2974 1143 3030 oxi-

127 3077 183 3131 mel
203 3081 226 3132 11,
318 3057 472 3133 1166111616
493 3082 556 3149 (ips.
575 3085 657 3148 corr.)
678 3082 701 3134 b.
793 3076 869 3131 7in:
889 3078 967 3131 etin
987 3082 1009 3134 b.
1101 3082 1142 3134 in-

127 3183 223 3237 fundis
243 3188 265 3240 1,
362 3192 377 3239 o
398 3188 493 3240 asses.
513 3176 582 3242 116.
669 3190 700 3236 11
722 3183 847 3252 epysrma
865 3152 1028 3251 susara
1047 3189 1070 3242 u.

128 3259 163 3306 14
181 3255 282 3309 rafanu
294 3300 299 3309 .
312 3300 317 3310 .
330 3301 334 3311 .
346 3261 459 3326 sumptu
479 3260 501 3312 b.
558 3264 591 3310 16
611 3255 858 3319 candentemb(ut
876 3271 962 3323 supro
980 3259 1019 3310 od
1036 3262 1064 3324 2,
1082 3264 1141 3325 86).

129 3331 161 3377 17
181 3327 269 3380 herba
289 3331 351 3394 (sic)
372 3332 387 3383 b
408 3334 469 3396 (ons.
490 3330 600 3398 qualis).
709 3323 854 3378 retineas
874 3327 897 3378 b.
995 3332 1029 3378 20
1049 3329 1142 3383 additi

127 3394 223 3449 Rutha
242 3417 257 3450 r
274 3397 340 3468 pipe
360 3401 383 3452 b.
457 3404 489 3451 21
511 3399 628 3451 decocta
647 3399 695 3450 et.
713 3439 718 3450 .
736 3439 740 3449 .
757 3398 780 3450 b.
854 3401 887 3448 22
908 3394 1038 3451 oximelle
1058 3401 1081 3454 b.

126 3466 212 3530 ynule
231 3470 254 3520 b.
311 3474 344 3519 23
364 3469 491 3539 Tytarite
510 3469 597 3540 herbe
617 3472 645 3524 b:
664 3484 761 3522 16661661
778 3468 803 3520 b.
819 3483 887 3521 corr.
906 3469 992 3521 omisi.
1045 3476 1079 3523 24
1098 3471 1140 3539 pi-

127 3533 179 3586 sile
200 3539 261 3603 (sie)
283 3539 414 3606 b(aquae
432 3538 573 3608 pusillol).
