2392 3922
106 173 172 239 310
439 172 784 226 resono-raconem

105 333 219 401 aequali
236 332 361 401 pondere
384 330 485 384 tritum
507 347 572 384 cum
597 347 672 398 aqua
690 330 785 385 calida
807 329 889 400 potui
908 331 986 386 dato.
1016 334 1046 386 et
1064 332 1127 386 loco

104 412 198 466 calido
223 411 247 464 si
275 411 369 466 iaceat
397 409 467 464 satis
496 410 584 465 iuvat.
611 413 641 465 et
667 412 766 480 pectus
793 426 891 464 eorum
913 410 978 465 oleo
1005 411 1128 466 nardino

103 491 283 561 perunguito.
312 494 341 545 et
357 490 508 545 adrianum
522 490 569 544 vel
583 489 633 544 dia
650 489 726 544 trion
744 505 885 560 peporeon
902 507 969 558 oum
986 507 1064 560 aqna
1083 508 1128 546 ca-

106 571 167 625 lida
185 569 267 640 potui
287 572 386 625 datum
405 586 512 624 summe
530 569 609 624 facit.

77 693 90 732 5
175 679 393 745 Ac11,9(29)
412 676 459 731 De
478 676 548 731 ileo
567 678 641 746 (post
658 674 811 745 vaporibus
830 675 1040 747 frequentibus)

176 755 206 809 id
226 755 318 810 estin
337 771 412 824 aqua
430 754 522 827 (ubi)
545 753 620 808 cocti
643 753 751 808 fuerint
770 753 885 809 frondes
907 755 983 810 lauri
1007 757 1056 813 vel
1080 774 1128 812 cu-

103 835 194 905 pressi
213 835 302 906 puleii
320 838 440 906 nepetae
463 833 602 889 absinthii
625 832 757 888 abrotoni
779 833 897 888 missum
914 833 946 888 in
969 835 1128 890 semicubio

103 915 280 984 frequentius
307 915 472 986 vaporabis,
496 918 526 970 et
545 913 659 968 sabanis
683 911 866 968 calidissimis
889 916 956 983 post
983 930 1051 969 eum
1080 916 1129 970 de·

104 998 207 1065 berges.

65 1091 91 1131 ro
353 1115 357 1121 .
464 1075 499 1129 ab.
519 1077 594 1142 (post
611 1072 763 1142 immines).

175 1155 250 1208 Nam
268 1157 298 1209 et
315 1153 442 1223 puleium
460 1155 489 1207 et
507 1152 650 1222 cyminum
668 1151 783 1221 aequali
801 1167 933 1206 mensura
948 1151 984 1205 in
1002 1169 1033 1208 se
1052 1155 1128 1209 teres

104 1250 139 1288 ex
163 1251 239 1302 aqua
262 1239 291 1288 et
316 1251 400 1304 super
423 1233 589 1288 umbilicum
611 1231 751 1301 impones,
776 1235 805 1287 et
828 1231 886 1286 cito
909 1232 1069 1289 sanabitur.
1099 1237 1128 1289 et

102 1312 157 1366 hae
180 1314 310 1382 potiones
335 1313 465 1368 omnibus
491 1310 686 1366 inflationibus
708 1309 816 1366 ventris
840 1314 869 1365 et
892 1312 1035 1367 stomachi
1058 1331 1125 1369 con-

102 1391 228 1446 veniunt.
249 1392 346 1460 apium
360 1394 475 1446 anetum
490 1394 519 1445 et
532 1390 659 1460 puleium
673 1392 772 1460 aequis
786 1391 959 1461 ponderibus
976 1392 1128 1449 decoctum

64 1486 90 1526 15
103 1470 185 1539 potui
201 1471 277 1524 dato.
306 1473 336 1525 et
355 1471 446 1524 solum
460 1470 557 1540 apium
570 1470 647 1524 idem
665 1470 743 1525 facit.
772 1473 837 1524 ruta
851 1487 886 1525 ex
898 1470 1003 1539 butyro
1019 1475 1049 1528 et
1063 1473 1128 1528 oleo

102 1550 220 1604 decocta
240 1552 269 1603 et
287 1548 366 1603 edita
385 1549 510 1603 omnium
524 1549 735 1605 interaneorum
753 1549 929 1605 inflationem
942 1550 1030 1606 tollit.
1054 1552 1128 1608 feni-

103 1629 161 1683 culi
180 1632 210 1683 et
229 1628 289 1699 apii
308 1629 435 1684 radicem
453 1629 484 1682 in
502 1628 568 1682 vino
584 1628 650 1683 albo
664 1629 797 1685 infundes
817 1629 863 1685 die
881 1646 946 1699 una,
966 1633 996 1685 et
1014 1633 1128 1688 modice

104 1709 252 1764 decoctum
269 1708 350 1778 potui
367 1709 443 1764 dato.
470 1707 555 1762 vituli
568 1708 666 1763 fimum
679 1726 776 1764 recens
791 1726 826 1764 ex
839 1709 906 1764 vino
924 1709 1006 1779 potui
1026 1711 1128 1767 datum

103 1808 215 1845 umores
238 1788 347 1860 ventris
365 1792 394 1843 et
418 1782 553 1858 flegmata
577 1791 607 1843 et
629 1789 702 1844 biles
726 1793 803 1844 atras
823 1789 985 1860 opericulo
1009 1790 1125 1848 liberat.

62 1886 88 1924 ao
102 1871 181 1926 aneti
206 1887 302 1926 semen
329 1869 484 1924 contritum
509 1886 543 1924 ex
567 1886 642 1937 aqua
668 1868 750 1939 potui
779 1869 878 1923 datum
904 1868 975 1923 mire
997 1871 1126 1939 prodest.

102 1950 253 2021 coagulum
280 1949 384 2019 leporis
413 1949 529 2004 tritum·
542 1966 577 2004 ex
603 1949 670 2005 vino
702 1948 878 2018 tepefactum
908 1948 990 2018 potui
1025 1951 1128 2004 datum

102 2032 225 2100 grandes
244 2029 351 2086 ventris
370 2029 508 2084 tortiones
528 2033 618 2085 sanat.
647 2028 716 2084 item
739 2028 833 2082 anatis
857 2031 956 2083 venter
975 2029 1126 2099 appositus

102 2110 206 2164 mirum
225 2114 276 2167 est.
295 2110 449 2165 verbenam
467 2109 568 2165 tritam
582 2127 645 2164 cum
658 2106 802 2162 radicibus
822 2107 880 2161 suis
894 2108 988 2177 inpari
1006 2127 1126 2166 numero

103 2208 138 2245 ex
157 2209 234 2260 aqua
251 2190 334 2261 potui
353 2190 430 2245 dato.
453 2190 559 2244 herbae
578 2189 718 2244 verbenae
736 2187 861 2243 radicem
880 2190 1077 2246 commasticet
1096 2195 1126 2246 et

62 2269 196 2338 reipsam
223 2269 344 2324 salivam
371 2269 490 2338 glutiat,
519 2269 616 2324 statim
638 2267 745 2322 ventris
769 2271 799 2322 et
820 2267 1021 2322 intestinorum
1045 2271 1126 2327 tollit

102 2349 236 2404 dolorem.
270 2348 350 2403 aniso
379 2351 409 2402 et
437 2365 519 2403 asaro
543 2350 573 2402 in
597 2365 626 2403 se
649 2363 685 2402 ex
711 2364 786 2415 aqua
813 2350 894 2402 cocto
921 2347 1003 2417 potui
1030 2348 1127 2419 ipsam

101 2443 206 2494 aquam
229 2427 305 2482 dato.
331 2426 457 2496 lapidem
480 2431 607 2496 gagaten
629 2444 713 2496 super
735 2426 901 2481 umbilicum
924 2427 1066 2499 impones,
1094 2434 1125 2486 et

101 2505 200 2558 statim
217 2505 430 2561 remediabitur.
459 2507 637 2561 cucurbitam
660 2505 860 2561 medicinalem
883 2506 1020 2561 maiorem
1039 2527 1126 2580 super

100 2581 267 2636 umbilicum
294 2583 434 2652 impones,
463 2588 493 2639 et
519 2585 568 2639 diu
596 2589 629 2640 ut
657 2585 695 2640 sit
721 2585 877 2656 permittes.
907 2586 1125 2658 [iniectionibus

62 2677 88 2716 aa
102 2677 213 2730 quoque
233 2661 370 2716 enematis
389 2662 407 2718 i.
429 2662 557 2733 clysteri's
577 2682 612 2721 ex
633 2665 806 2732 decoctione,
820 2665 940 2721 fomenti
964 2669 1125 2737 supradicti

102 2740 290 2796 admiscentes
308 2748 356 2798 otc.
380 2743 432 2799 Tb.
455 2745 524 2817 Pr}

173 2951 368 3042 abeatisb.
424 2975 516 3047 epip.
536 2977 559 3030 b.
615 2982 730 3030 4sume
749 2977 773 3030 b.
830 2963 947 3044 'inepta
962 2979 985 3032 b.
1025 2978 1123 3047 {abro-

100 3047 172 3099 tanu
191 3047 214 3100 b.
271 3045 458 3115 8vaporibus
479 3048 502 3102 b.
558 3045 665 3099 sabinis
686 3047 709 3101 b.
766 3043 891 3113 detergis
907 3048 930 3100 b.
993 3053 1025 3101 11
1042 3051 1082 3104 tis
1098 3053 1122 3106 b.

102 3114 216 3171 13lib.
302 3122 334 3169 16
354 3115 533 3172 editaec'cb.
625 3121 657 3169 17
676 3113 803 3168 infundis
824 3116 847 3169 b.
941 3120 975 3170 19
994 3135 1076 3173 acras
1096 3123 1120 3177 b.

100 3208 134 3256 21
153 3206 175 3258 t.
194 3203 260 3258 vino
281 3207 403 3271 (iterum)
422 3205 504 3274 potui
523 3205 548 3258 d.
569 3205 593 3259 b.
679 3208 713 3256 22
732 3187 873 3260 rttnones
888 3206 956 3273 b(et
970 3194 1121 3279 torciones,

99 3280 132 3328 at
150 3276 219 3329 desit
237 3276 353 3344 aliquid,
371 3277 435 3343 fort.
456 3274 567 3330 dolores
585 3275 615 3328 et
632 3274 672 3342 t).
732 3278 766 3326 23
785 3273 915 3328 Berbena
933 3274 1003 3329 trita
1023 3280 1047 3333 b.

99 3359 158 3414 rud’
179 3351 211 3414 li
226 3365 249 3417 b.
359 3369 394 3417 24
417 3362 475 3417 rad’
497 3366 521 3418 b.
569 3366 572 3371 ’
630 3367 664 3415 26
688 3360 778 3416 anisii.
801 3380 816 3418 a
837 3369 902 3418 asar
921 3406 926 3419 .
943 3407 949 3418 .
968 3407 973 3418 .
994 3370 1076 3421 coctir
1096 3372 1121 3425 b.

100 3434 134 3483 27
153 3432 248 3500 iponis
267 3435 290 3487 b.
365 3439 399 3487 29
417 3439 488 3503 ipofi
507 3435 529 3489 b.
602 3431 744 3501 permittis
764 3434 789 3487 b.
