2384 3930
497 183 685 238 arranem.
1021 185 1085 247 437

63 336 163 392 nalem
177 337 341 406 spiritalem.
360 341 390 392 et
418 339 547 393 canalem
572 340 737 408 spiritalem.
767 340 866 395 dicunt
888 344 1023 410 utrasque
1041 360 1087 397 ca-

65 409 392 464 stomaoumstomaohus
417 412 447 464 et
479 413 604 465 stomaco
637 411 738 464 similis
766 412 853 467 nales.
861 414 946 466 modo
956 413 1087 482 aperitur.

64 482 164 534 autem
189 479 320 549 epitharo
352 480 389 534 si-
417 484 468 536 est.
496 481 609 550 pitharo
637 481 668 535 id
695 484 739 536 est
765 483 1088 539 modoclauditurcom-

62 549 201 605 meleest.
213 550 389 620 utriusquae
416 552 499 606 fauce
518 554 637 620 utraque
655 570 739 607 cana-
765 554 899 623 plectens.
912 554 1005 624 aperit
1014 554 1088 609 enim

64 620 175 676 canalis
193 621 279 676 modo
297 622 390 692 aperit
416 622 453 677 lis
495 624 580 678 modo
622 623 737 693 coperit.
784 623 943 693 spiritalem
968 625 1067 680 canale

62 693 150 746 modo
172 690 246 761 clu(o
264 693 390 763 corr.)dit
415 695 500 749 modo
515 694 631 749 claudit.
647 694 739 764 aperit
766 712 829 749 cum
843 694 993 764 loquimur.
1010 696 1087 751 clau-

64 763 159 833 aperit
168 766 264 817 autem
276 764 389 834 spirita-
416 783 481 819 oum
495 764 738 835 spiritalialoqui-
766 765 844 820 ditur
857 783 921 821 cum
934 769 1087 821 manduca-

63 834 388 903 lisquandoloquimur.
415 839 470 891 tur.
495 839 525 891 et
547 835 657 890 claudit
675 853 739 890 cum
765 854 835 891 mus.
860 839 1001 906 quomodo
1023 855 1087 908 pro-

64 905 181 960 claudet
213 922 277 960 cum
309 924 389 960 man·
415 909 618 962 manducamus
633 910 662 962 et
671 924 738 976 epu·
764 907 834 962 bare
852 925 1008 977 possumus.
1025 927 1088 963 cum

65 977 202 1030 ducamus
226 976 251 1030 si
274 978 388 1045 quando
415 978 515 1032 lamur.
538 978 613 1032 inter
639 978 737 1048 epulas
765 977 838 1033 forte
848 979 920 1033 cibo.
932 979 978 1033 vel
989 983 1088 1049 potum

64 1046 212 1117 epolimur.
250 1050 281 1102 et
314 1048 389 1102 inter
415 1049 488 1102 risus
498 1049 632 1104 nascitur.
646 1052 675 1103 et
684 1049 737 1103 hoc
765 1049 872 1104 utimur
894 1053 924 1104 et
946 1050 1019 1103 risus
1043 1067 1088 1103 oc—

63 1117 164 1187 epulas
190 1117 331 1186 loquendo
351 1119 388 1172 ri·
416 1119 656 1189 canalispiritalc.
672 1119 738 1174 exin
765 1120 891 1176 currerit.
934 1123 963 1175 et
1004 1138 1088 1189 supra

64 1206 112 1242 sus
130 1188 266 1246 nascitur.
285 1189 317 1244 in
334 1190 388 1245 hoo
416 1194 527 1260 sumpto
537 1191 601 1245 cibo
611 1191 658 1245 vel
666 1194 736 1260 potu
766 1192 843 1245 dicto
858 1191 938 1260 (dist)
952 1191 1016 1245 cibo
1031 1191 1087 1260 spi-

63 1259 195 1314 canalem
221 1258 336 1315 insuetu
363 1260 388 1314 si
415 1261 738 1331 aliquidreoeperit.sta—
764 1261 858 1316 ritalis
891 1261 999 1315 canalis
1034 1261 1086 1315 ali-

64 1347 99 1385 ex
122 1330 187 1384 cibo
210 1331 257 1385 vel
280 1348 315 1386 ex
336 1350 387 1402 pu·
414 1332 561 1386 tirntussis
569 1333 736 1401 insequitur.
765 1333 835 1402 quid
845 1332 978 1402 aperitur.
989 1332 1088 1386 statim

63 1400 146 1456 cione
165 1400 277 1470 aliquid
295 1405 387 1456 extra·
416 1405 504 1458 donec
516 1403 671 1474 inpellente
681 1405 737 1474 spi·
764 1403 851 1458 tussis
898 1403 1086 1472 consequitur.

62 1472 146 1528 xerit.
175 1473 274 1527 statim
300 1473 387 1528 tussis
414 1474 472 1529 ritu
491 1492 545 1543 que
559 1475 632 1529 illud
650 1475 737 1546 gluti·
766 1476 854 1530 donee
862 1474 1018 1544 inpellente
1031 1474 1087 1544 spi-

19 1553 22 1557 ’
62 1542 224 1612 insequitur
238 1545 327 1599 donec
345 1545 388 1598 in-
415 1548 495 1600 verat
522 1546 553 1599 in
582 1564 633 1600 sua
654 1550 737 1615 parte
765 1546 822 1600 ritu
845 1546 918 1600 illud
946 1547 1022 1614 quod
1045 1563 1087 1599 re-

62 1614 218 1684 pellentem
257 1615 388 1685 spiritum
414 1620 561 1672 revocetur
587 1634 638 1699 per
661 1621 737 1687 quod
764 1617 1019 1687 paratinpropria
1033 1617 1086 1671 ite-

62 1685 138 1739 illud
160 1686 237 1754 quod
258 1690 388 1742 evaserat
415 1704 480 1743 esca
499 1688 656 1744 deducitur.
764 1707 826 1742 rum
845 1690 965 1743 revocet.

62 1756 94 1809 in
108 1773 174 1810 suas
188 1755 292 1811 itemm
307 1774 387 1812 revo-

52 1829 151 1888 cetur.
171 1829 267 1896 partes

99 1936 137 2002 (9)
162 1933 230 1987 huic
248 1951 314 2004 ergo
333 1934 387 1988 lin-
451 1938 488 2005 (9)
510 1934 577 1989 huic
596 1951 663 2005 ergo
682 1935 735 1988 h’n-
799 1933 1083 2005 (9)huiolinguedex-

62 2021 139 2074 guas
166 2003 198 2057 id
225 2008 270 2059 est
298 2006 387 2075 hypo·
414 2023 469 2076 guo
483 2005 621 2060 stibulose
636 2007 736 2060 dextra
762 2007 809 2059 tra
844 2005 964 2072 levaque
1002 2007 1083 2073 parte

62 2075 189 2145 glosides
201 2076 301 2130 desua
309 2077 387 2131 leva-
413 2076 533 2144 levaque
542 2077 658 2131 truxille
670 2080 736 2131 sunt
762 2075 897 2129 tussicula
908 2077 973 2128 sunt
982 2075 1082 2143 posite.

62 2163 119 2214 que
137 2146 238 2201 tussile
257 2149 323 2201 sunt
336 2164 386 2216 po·
413 2146 505 2217 posite
533 2148 610 2215 quod
640 2150 736 2202 autem
763 2147 839 2214 quod
871 2149 966 2200 autem
1001 2162 1084 2214 super

62 2217 145 2271 sitae.
193 2217 254 2283 Quo
291 2221 386 2273 autom
414 2218 597 2288 superpendit
610 2236 667 2273 uva
684 2221 734 2273 est.
762 2218 887 2286 pendens
903 2216 1008 2285 lingue.
1027 2233 1084 2269 uva

62 2288 249 2357 superpendit
262 2288 320 2343 illis
330 2307 387 2344 uva
412 2289 513 2359 pendit
538 2292 634 2343 autem
653 2306 736 2359 super
763 2287 911 2357 apellatur.
923 2290 1084 2356 postquam

62 2359 387 2428 estPerpenditautem
414 2361 484 2415 duas
513 2360 634 2415 canales.
667 2377 735 2428 quo·
763 2375 884 2412 caverna
925 2361 990 2411 sunt
1026 2358 1082 2411 duo

62 2446 148 2499 super
175 2431 246 2485 duos
269 2431 385 2486 canalis.
413 2449 476 2485 rum
489 2449 546 2486 una
558 2448 610 2502 per
627 2448 684 2500 qua
696 2431 734 2485 oi·
763 2447 824 2498 quae
845 2429 878 2483 fit
896 2428 1000 2482 infusio
1018 2446 1083 2497 rup-

61 2518 121 2555 una
153 2518 210 2569 qua
245 2501 324 2556 cibus
357 2504 387 2556 et
412 2503 466 2557 bus
478 2506 508 2557 et
520 2505 604 2572 potus
618 2502 736 2558 instho-
763 2504 817 2555 tus.
832 2501 908 2569 quod
921 2499 999 2569 greci
1015 2516 1083 2553 ana-

61 2574 148 2642 potus
174 2573 211 2626 ad
229 2575 387 2628 stomacum
413 2590 494 2628 maco
504 2573 635 2629 defertur.
651 2591 737 2643 quem
762 2571 910 2626 thimiasin
970 2573 1081 2625 vocant.

62 2643 190 2698 defertur
216 2661 301 2711 quem
325 2644 386 2714 ipo·
413 2644 562 2713 picolasim
589 2644 736 2700 continent
762 2660 844 2697 nares
863 2659 974 2712 quoque
1000 2659 1084 2711 supra

61 2715 160 2784 glossa
185 2714 312 2769 contenit
331 2715 387 2785 spi·
414 2715 551 2784 spiritalis
562 2715 663 2771 dictus.
677 2715 735 2770 alia
763 2714 848 2767 dictis
869 2713 996 2768 cavernis
1013 2712 1083 2766 infe-

61 2785 176 2839 ritualis
185 2785 386 2841 dicetur.Alius
414 2789 510 2841 autem
524 2787 635 2840 deretro
655 2786 735 2855 spine
762 2787 835 2839 runt.
847 2801 898 2853 per
911 2785 1025 2838 easdem
1038 2800 1083 2836 us-

62 2859 161 2910 autem
177 2857 289 2911 deretro
308 2857 386 2911 iunc-
413 2859 490 2925 quod
508 2858 669 2912 sthomacus
692 2856 735 2910 di·
763 2872 817 2923 que
827 2855 864 2909 ad
872 2856 1084 2908 cerebrumten-

61 2931 110 2980 tus
121 2943 209 2996 spyne
224 2928 385 2982 stomachus
413 2928 494 2983 citur.
554 2927 735 2997 coniungitur
763 2926 875 2980 duntur.
904 2943 996 3004 aures·
1009 2924 1084 2977 enim

63 2998 386 3068 diceturconiunggetur
413 3001 509 3053 autem
522 2998 654 3069 gurgulio
672 2998 735 3068 pul·
761 2996 807 3078 vie
836 2998 902 3050 sunt
931 2995 1082 3049 auditores.

61 3068 196 3138 gurgulio
214 3069 355 3138 pulmone.
411 3069 551 3125 monibus.
763 3070 837 3122 s1cut
863 3083 955 3121 rerum
982 3068 1083 3118 nature

762 3137 920 3208 composuit
948 3137 985 3190 ad
1008 3152 1083 3189 oere-

761 3211 850 3264 brum.
875 3211 904 3262 et
927 3225 945 3262 a
969 3207 1082 3261 cerebro

763 3280 957 3335 descendente.
972 3277 1082 3332 faciunt

762 3348 1083 3405 exalationemconiun-

761 3422 838 3492 gitur
845 3425 941 3476 autem
947 3420 1015 3491 gula
1022 3419 1085 3488 pul-

760 3510 846 3548 mom.

165 3565 223 3618 HI
229 3565 284 3633 (D)
518 3563 624 3633 IV(P)
883 3563 963 3632 ΠΟ)
