2392 3922
112 165 177 233 212
438 169 784 220 renunc-rnaonoar

111 316 257 398 purgabis,
277 329 306 381 et
327 325 429 380 lotium
452 325 571 395 virginis
594 325 675 396 pueri
692 323 805 393 inicito‚
828 326 929 393 postea
952 323 1022 378 lana
1046 323 1127 377 obtu-

110 406 195 462 rabis.
231 405 321 476 ruptis
340 404 456 459 auribus
476 405 591 459 ovinum
614 405 653 460 fel
677 422 740 459 cum
758 403 833 458 lacte
852 402 981 457 mulieris
999 402 1128 472 tepidum

110 484 216 541 inicito.
250 484 374 540 sonitum
397 487 426 539 et
448 484 585 539 tinnitum
608 484 720 539 aurium
742 483 859 538 discutit
876 482 986 537 nitrum
1008 499 1043 537 ex
1062 482 1127 536 vino

110 564 259 634 liquatum.
287 565 342 620 hoc
361 568 391 619 et
405 564 565 634 purulentis
584 564 700 619 auribus
723 564 852 618 medetur
869 565 899 617 et
918 578 1004 631 supra
1023 561 1128 630 scripta

82 644 182 701 avitia
205 646 295 700 sanat.
334 644 453 699 ovillum
477 644 516 699 fel
539 662 603 698 cum
630 644 714 699 melle
736 643 865 712 tepidum
892 641 1030 696 iniectum
1053 641 1128 696 idem

109 726 245 795 praestat.
283 727 312 778 et
339 724 408 778 nitri
435 723 498 778 triti
520 724 615 794 pulvis
642 723 783 777 immissus
811 738 919 777 vermes
948 722 984 776 de
1012 721 1127 775 auribus

110 806 202 865 necat.
232 802 323 857 saliva
336 803 459 858 hominis
474 803 585 858 stillata
599 803 738 858 similiter.
766 802 886 857 herbam
898 800 1086 871 parietariam
1099 801 1128 854 in

110 899 186 952 aqua
205 883 344 950 decoquas
364 884 402 937 ad
419 883 533 952 tertias,
557 886 587 938 et
609 899 676 937 suco
701 883 761 937 eius
784 881 882 952 tepido
902 881 1012 936 stillato
1033 898 1127 936 omnes

110 978 219 1017 vermes
238 963 404 1031 moriuntur,
428 966 458 1017 et
476 963 517 1016 sic
532 964 568 1018 de
582 962 698 1017 auribus
714 963 825 1018 cadent.
854 961 978 1016 cannabi
996 961 1129 1015 foliorum

71 1059 96 1098 1o
111 1058 194 1094 sucus
221 1041 335 1110 tepidus
363 1041 520 1096 instillatus
544 1042 655 1097 aurium
683 1059 792 1097 vermes
821 1044 872 1096 aut
899 1041 924 1095 si
952 1040 1022 1110 quid
1051 1040 1128 1094 aliud

110 1120 197 1174 fuerit
215 1120 328 1176 occidit.
597 1179 599 1184 ,

180 1217 256 1256 cunc
273 1217 325 1271 seq.
337 1203 420 1271 (qaod
434 1203 466 1256 16
483 1208 561 1258 tecta
579 1203 716 1258 Theodori
730 1206 767 1256 21
782 1203 861 1270 ectr.)
880 1199 1008 1253 Bubnlas
1031 1215 1128 1253 carnes

110 1280 280 1335 carbonibus
300 1282 483 1351 superponito
498 1285 532 1351 (b,
551 1283 589 1336 Et
604 1281 743 1337 bubulam
756 1297 869 1334 carnem
885 1278 1019 1333 carnibus
1035 1295 1129 1348 super-

108 1358 207 1428 ponito
226 1362 251 1429 6)
270 1391 306 1400 -
324 1360 453 1430 tepidum
479 1361 642 1430 frequenter
668 1360 802 1414 infundis.
834 1361 931 1415 (1611116
951 1362 998 1426 (21
1019 1361 1072 1424 16.)
1092 1375 1128 1412 se·

71 1439 206 1508 requitur
224 1438 254 1493 Si
273 1439 372 1494 andire
390 1439 637 1509 tardius'ceperit.
650 1482 674 1496 ..
689 1440 767 1510 prius
786 1443 884 1494 tamen
901 1437 1130 1508 procurationem

109 1517 226 1573 ventris.
264 1522 294 1574 et
312 1519 435 1589 corporis
453 1519 656 1590 purgacionem
678 1519 797 1573 facimus
817 1521 856 1588 (b,
881 1517 960 1588 prins
984 1518 1062 1572 enim
1079 1534 1129 1587 pro

109 1597 280 1666 purgatione
298 1599 405 1653 ventris
425 1602 454 1653 et
472 1598 596 1668 corporis
609 1597 811 1668 purgacionem
829 1597 949 1651 facimus
963 1600 997 1667 r).

254 1714 325 1768 Item
342 1716 380 1769 od
393 1715 419 1781 I,
432 1719 451 1768 8
465 1717 523 1784 (21)
543 1717 619 1784 (post
635 1713 838 1783 purgacionem
856 1713 994 1783 facimus).

183 1791 307 1847 Auribus
325 1809 392 1847 vero
412 1792 550 1848 absinthii
569 1810 666 1847 sucum
685 1795 736 1847 aut
755 1792 940 1863 cynoglossae
963 1810 1028 1847 cum
1046 1811 1129 1863 passo

73 1890 99 1930 ac
114 1875 144 1927 et
157 1872 219 1928 oleo
233 1872 331 1942 tepido
346 1873 495 1929 stillamus.
524 1873 594 1928 mire
607 1872 711 1927 vitium
725 1875 816 1928 sanat.
843 1871 884 1927 sic
897 1875 1018 1943 nepetae
1034 1891 1128 1928 sucum

112 1952 274 2020 frequenter
291 1952 423 2022 infundo,
447 1957 477 2009 et
495 1954 556 2009 eius
576 1953 667 2008 siccae
685 1953 831 2022 pulverem
848 1969 899 2022 per
917 1952 1071 2006 carmulam
1088 1953 1130 2007 in-

114 2032 203 2087 sufflo.
233 2031 273 2086 sic
287 2049 415 2087 rosarum
429 2051 511 2088 sucus
530 2052 594 2088 cum
612 2033 705 2100 melle,
724 2032 765 2086 sic
779 2032 891 2102 origani
910 2050 992 2086 sucus
1007 2033 1130 2102 tepidus,

113 2111 153 2165 sic
171 2111 277 2166 nitrum
295 2112 326 2166 in
345 2116 426 2167 aceto
444 2113 613 2182 resolutum,
633 2113 673 2166 sio
691 2112 836 2167 taurinum
855 2115 905 2167 aut
922 2112 1063 2166 bubulum
1081 2115 1131 2167 aut

112 2190 259 2261 caprinum
282 2195 333 2246 aut
355 2193 502 2262 porcinum
524 2194 564 2247 fel
587 2211 650 2247 cum
673 2192 736 2246 oleo
764 2208 844 2247 roseo
867 2192 913 2246 vel
936 2191 1061 2261 laurino‚
1091 2192 1131 2246 sic

72 2284 98 2325 ac
112 2270 275 2325 rafanorum
294 2290 376 2326 sucus
395 2273 509 2342 tepidus
528 2273 644 2327 auribus
663 2271 787 2327 inicitur.
817 2271 841 2326 si
856 2271 967 2340 aliquid
985 2271 1016 2325 in
1035 2289 1132 2326 aurern

111 2347 266 2420 introierit,
289 2352 407 2406 alterius
429 2353 519 2422 partis
539 2352 641 2421 pedem
664 2351 823 2407 excalceari
841 2351 928 2406 facies
948 2354 977 2406 et
995 2355 1083 2421 caput
1102 2352 1132 2405 in

184 2532 197 2579 1
222 2528 358 2598 purgabit
377 2531 401 2584 b.
511 2528 616 2583 locium
635 2532 663 2585 br
688 2529 794 2584 lucium
812 2549 835 2587 6.
858 2531 893 2597 cf.
912 2528 992 2597 pueri
1016 2527 1131 2598 inpubis

112 2595 203 2651 Marc.
215 2614 245 2666 p.
261 2603 325 2665 104,
339 2602 377 2653 30
395 2606 420 2654 et
437 2599 518 2668 pueri
536 2599 655 2654 investis
666 2619 696 2670 p.
713 2605 798 2669 90,1.
908 2598 1038 2667 tepidum
1057 2603 1132 2670 (post

110 2666 202 2736 pueri)
221 2669 285 2723 611.
304 2687 327 2724 r.
409 2673 439 2724 et
458 2671 493 2724 de
511 2671 579 2724 lana
598 2673 734 2740 opturatu
753 2675 817 2741 (pro
836 2670 911 2737 -to)
924 2686 947 2722 r.
1036 2677 1052 2724 2
1073 2670 1132 2724 ovi-

111 2753 180 2789 num
198 2739 227 2792 b:
248 2738 366 2793 ovillum
383 2758 406 2795 r.
506 2741 604 2810 tepido
624 2744 647 2797 b.
748 2741 817 2807 361.
837 2739 882 2793 Pe.
903 2738 981 2792 Ρ116.
997 2757 1028 2808 p.
1045 2746 1090 2808 19,
1104 2747 1131 2796 2,

111 2812 129 2859 4
147 2808 297 2863 et-sanat
315 2828 342 2864 r:
362 2827 412 2865 661.
432 2813 456 2866 b.
517 2817 532 2864 5
552 2815 582 2866 et
600 2812 719 2867 ovillum
735 2830 758 2866 r.
814 2816 829 2862 '1
849 2807 982 2862 similiter
996 2813 1025 2866 b:
1041 2829 1092 2867 om.
1109 2832 1131 2867 r.

110 2875 279 2945 paritoriam
298 2883 341 2936 br.
446 2887 463 2935 8
482 2888 550 2936 sucu
569 2882 669 2952 tepidis
687 2885 747 2952 (cm.
767 2878 837 2947 eius)
855 2896 877 2933 r.
972 2885 988 2933 9
1008 2884 1133 2936 cannabi

112 2951 156 3010 (61
173 2953 273 3018 capro)
293 2953 321 3006 b:
341 2952 458 3020 canapis
477 2972 499 3008 c.
573 2953 705 3007 foliarum
724 2955 801 3018 (cate
818 2952 900 3015 corr.)
916 2950 940 3004 b.
1016 2956 1050 3005 10
1070 2953 1132 3007 stil-

110 3015 187 3070 latus
201 3037 224 3099 r:
250 3089 255 3100 Ι
289 3021 462 3077 aut-fuerit
477 3026 505 3079 b:
524 3026 659 3079 interlin.
673 3021 762 3089 suppl.
777 3036 799 3073 a
819 3019 958 3099 clf-,Marc
970 3027 1131 3092 p.102,15.

112 3093 143 3141 11
165 3088 271 3143 occulit
290 3093 318 3146 b:
339 3092 373 3146 de
388 3093 504 3148 auribus
521 3095 605 3150 necat
622 3095 674 3158 (616
690 3091 753 3156 del.)
773 3089 880 3142 occidit
897 3109 920 3146 r.
945 3099 947 3104 '
1028 3099 1061 3146 19
1082 3095 1131 3148 ab·

111 3166 212 3246 sintbii
230 3168 318 3242 herbe
337 3189 360 3227 r.
416 3172 574 3243 cinoglcsse
592 3174 636 3239 br,
695 3173 729 3223 20
748 3171 832 3222 sanat
851 3171 880 3225 b:
901 3171 1036 3227 emendat
1053 3191 1076 3229 r.

110 3239 208 3318 neprte
228 3240 291 3307 (616)
310 3243 353 3296 br.
446 3250 477 3297 21
498 3242 642 3297 insufflnto
659 3258 682 3295 r.
775 3242 810 3291 22
830 3257 929 3295 sucum
947 3245 1016 3309 (616.)
1030 3287 1035 3296 .
1049 3288 1054 3298 ,
1067 3248 1131 3313 ,(11)

111 3309 211 3361 inscito
229 3325 251 3363 r.
330 3318 364 3365 23
384 3314 419 3379 cf.
438 3315 526 3382 ipsius
546 3311 682 3366 Theodori
698 3325 767 3379 quae
785 3309 818 3362 16
837 3318 913 3366 16616
929 3327 952 3364 a.
965 3313 1012 3362 21.
1087 3331 1131 3368 re-

113 3377 236 3432 solutum
254 3396 281 3434 r:
301 3396 352 3435 om,
373 3384 396 3436 b.
470 3385 499 3436 et
517 3383 584 3436 bub.
603 3379 649 3435 vel
668 3395 742 3448 capr.
763 3393 813 3431 seu
831 3397 907 3448 porc.
926 3395 949 3431 r.
1024 3383 1060 3431 25
1080 3383 1131 3437 boc

112 3465 146 3503 66
158 3449 215 3503 6116
228 3450 294 3503 61116
306 3453 395 3504 verbis
408 3459 520 3507 auctore
533 3453 613 3507 babet
621 3449 711 3507 Marc.
722 3466 752 3519 p.
760 3451 823 3516 105,
839 3453 857 3503 5
869 3449 927 3503 6611.
943 3465 977 3504 66
989 3449 1036 3506 Ρ6,
1048 3450 1125 3504 Pau.

108 3522 256 3588 p.19,15.
329 3525 362 3572 26
382 3520 533 3574 excalciari
553 3523 595 3576 br.
