2392 3924
143 151 206 216 142
455 153 844 205 rnnononrrnrocmru

141 327 173 380 ut
195 321 329 398 ptisanae
353 337 443 379 sucus
467 325 497 379 et
519 337 572 379 ova
595 320 740 396 recentia,
767 335 859 395 panes
886 318 994 378 mundi
1022 336 1060 377 ex
1084 336 1154 396 aqua

141 407 247 488 calida,
271 408 369 468 caules
399 407 526 488 decocti,
555 425 648 484 aquae
676 405 787 466 calidae
810 407 893 484 potio
916 412 946 466 et
973 405 1154 468 lactucarum

67 498 71 503 ’
139 495 319 556 beneficium
341 496 523 574 frigidarum.
565 496 612 556 his
636 497 746 556 etenim
769 494 926 554 adiutoriis
948 494 1093 555 adhibitis
1110 514 1154 556 va·

139 587 221 663 poris
244 585 281 644 ad
305 591 393 663 caput
411 584 600 645 ascendentis
620 584 747 663 deprimi
769 584 970 662 inportunitas
995 586 1153 646 consucvit.

113 685 127 726 ⁶
229 673 282 733 sed
306 675 446 751 quoniam
468 673 515 733 his
535 675 632 734 causis
651 691 745 752 aquae
768 670 880 732 cahdae
903 673 1059 750 potionem
1083 671 1153 733 dixi-

139 780 206 822 mus
234 760 412 822 beneficium
439 763 617 842 ministrari,
648 762 836 840 frequentius
866 759 1086 821 intendendum
1112 768 1155 822 est

139 868 177 909 ne
201 869 237 910 ex
257 869 291 910 ea
314 849 457 910 resolutio
477 850 620 910 stomachi
642 858 830 930 procuretur.
865 867 940 927 quae
965 851 992 908 si
1016 852 1153 930 evenerit,

139 945 210 999 tunc
247 941 381 1017 epiorum
418 938 464 998 vel
501 939 693 1018 sydoniorum
731 938 903 999 decoctione
939 940 1002 998 vini
1041 940 1153 1018 species

139 1027 280 1088 imitanda
318 1034 379 1107 cst,
416 1045 491 1105 quac
529 1027 713 1087 stomachum
749 1026 844 1086 valeat
879 1045 1030 1105 reparare.
1077 1029 1151 1087 omni

42 1133 45 1139 ·
99 1129 125 1168 10
139 1116 227 1176 modo
255 1115 363 1195 dactyli
390 1133 494 1175 omnes
526 1115 638 1175 vitandi
670 1121 747 1176 sunt.
794 1115 964 1194 specialiter
997 1117 1079 1175 enim
1105 1134 1150 1176 na-

138 1212 222 1264 turae
256 1223 326 1265 suae
364 1206 573 1264 contrarietate
609 1211 697 1282 caput
727 1206 893 1282 inquietare
927 1211 1150 1265 consueverunt.

136 1295 186 1353 sin
209 1311 279 1353 vero
308 1295 405 1352 somni
428 1295 527 1353 suavis
549 1295 637 1371 potiti
659 1311 719 1353 non
743 1292 862 1373 fuerint,
885 1298 957 1352 tunc
981 1292 1019 1352 ad
1042 1292 1150 1353 lavacra

139 1380 232 1441 calida
263 1383 401 1459 protinus
434 1381 634 1441 festinandum
667 1388 725 1462 est,
757 1383 789 1440 in
823 1379 932 1460 quibus
965 1399 1018 1442 ore
1050 1398 1148 1460 aquam

139 1468 264 1529 calidam
287 1470 319 1529 in
342 1468 425 1528 cellis
449 1469 641 1530 calidioribus
665 1472 848 1530 sustinentes
871 1487 1014 1547 vaporem
1037 1487 1149 1530 omnem

98 1568 124 1608 1⁶
138 1559 313 1634 transigant
329 1557 520 1618 lavacrorum.
561 1560 587 1618 si
615 1557 649 1618 ad
679 1558 815 1618 ciborum
837 1559 1070 1638 continentiam,
1096 1558 1149 1617 he·

138 1647 290 1723 quantiam
312 1645 496 1706 lavacrorum
517 1654 546 1707 et
569 1653 669 1707 cetera
692 1646 862 1725 supradicta
884 1646 1034 1707 adiutoria
1055 1649 1149 1707 minus

211 1892 222 1938 1
250 1885 332 1956 panis
356 1903 390 1941 ex
413 1903 488 1955 aqua
507 1903 529 1941 c.
553 1886 662 1940 infusus
682 1887 764 1955 b(oel
785 1885 878 1940 elutus
899 1886 971 1942 Occi.
995 1887 1146 1954 cbr.1,12.

136 1958 182 2012 sed
205 1952 234 2023 ἐξ
257 1956 361 2020 ὕδατος
384 1957 467 2028 ἄρτος
491 1959 579 2028 simpl.
599 1965 625 2013 et
642 1958 688 2013 Ps.
710 1958 773 2013 Gal.
788 1984 823 2003 =
838 1958 871 2011 G.
887 1958 961 2024 XII,
980 1962 1049 2027 516,
1072 1957 1147 2026 ἄρτος

135 2028 237 2091 πλωτός
255 2028 317 2084 Gal.
338 2030 387 2099 VI,
406 2034 469 2084 494.
485 2031 541 2097 XI,
554 2031 633 2098 495):
651 2045 739 2098 panes
757 2027 877 2082 mundos
897 2044 931 2082 cx
945 2044 970 2083 a.
986 2044 1010 2083 c.
1025 2047 1049 2096 r,
1067 2042 1147 2098 penes

137 2115 171 2152 ex
194 2117 238 2169 eq.
258 2117 280 2155 c.
300 2102 335 2156 B.
467 2105 483 2153 2
503 2100 597 2154 caules
617 2098 738 2153 decocti:
758 2102 798 2154 sic
815 2098 1013 2172 ertupotpdn
1033 2100 1081 2155 Pa
1099 2098 1146 2167 0.).

136 2171 310 2225 lactucarum
328 2173 355 2227 b.
375 2171 407 2225 fr.
423 2196 457 2216 =
471 2173 626 2239 θριδακίνῃ
646 2190 675 2224 τε
695 2171 731 2232 ὡς
750 2165 916 2240 ἐμψύχουσα
934 2171 982 2225 Ps.
1004 2171 1069 2226 Gai.

136 2242 276 2296 aetcnim
295 2244 343 2297 rb:
367 2241 455 2295 etiam
477 2243 512 2296 B.
622 2247 638 2294 5
663 2241 807 2310 potionem
835 2239 957 2294 diximus
985 2239 1147 2295 beneficium

135 2312 290 2366 ministrari
308 2332 336 2368 r:
358 2332 385 2383 p.
411 2312 532 2366 diximus
555 2311 757 2380 ministrarit,
782 2330 809 2381 p.
830 2312 856 2366 d.
879 2328 963 2382 posse
986 2310 1147 2366 beneficium

134 2383 295 2437 ministrare
309 2384 345 2437 B.
404 2388 419 2435 6
434 2382 467 2436 fr.
482 2382 685 2436 intendendum
699 2383 758 2438 rB:
778 2382 889 2437 cautius
909 2382 1114 2437 attendendum
1125 2382 1146 2435 b.

137 2459 151 2506 i
171 2452 274 2507 solutio
292 2471 315 2508 r.
419 2459 435 2506 8
454 2453 581 2523 apiorum
599 2455 617 2507 i.
637 2453 763 2523 pirorum
781 2455 826 2523 (cf.
845 2455 892 2508 Ps.
914 2454 978 2509 Gal.
994 2453 1080 2523 XIV,
1098 2454 1147 2506 318

135 2542 169 2578 ec
189 2524 251 2578 Gal.
268 2524 340 2592 XII,
360 2527 430 2592 517).
499 2523 667 2577 citoniorum
684 2526 712 2577 Β
726 2531 752 2579 et
765 2527 839 2593 (arne
855 2525 906 2594 ipa
925 2526 1007 2594 corr.)
1028 2526 1052 2580 b.
1104 2521 1145 2576 de

135 2594 261 2647 coctione
280 2611 305 2648 v.
326 2611 366 2664 sp.
387 2593 543 2647 emittenda
560 2613 590 2663 r,
610 2595 773 2648 decoctione
790 2613 817 2650 v.
837 2613 857 2650 s.
878 2594 1059 2649 emendanda
1076 2592 1144 2661 btf.

136 2665 199 2720 Gal.
215 2666 288 2732 XII,
302 2668 379 2735 517):
398 2664 557 2719 decoctioni
575 2684 601 2720 v.
622 2683 662 2736 sp.
683 2665 853 2720 inmittenda
871 2667 907 2721 B.
1000 2672 1017 2720 9
1037 2663 1105 2734 qui.
1119 2705 1144 2718 ..

134 2735 250 2790 valeant
267 2753 290 2791 r.
412 2735 489 2789 omni
507 2736 590 2790 modo
608 2738 665 2793 rB:
684 2736 797 2791 omnino
817 2738 841 2792 b.
946 2743 980 2791 10
997 2754 1027 2792 n.
1047 2753 1069 2791 s.
1086 2750 1144 2790 con·

133 2807 281 2861 trarietate
300 2808 361 2876 (cic)
379 2808 430 2862 rB.
487 2814 518 2860 11
535 2809 621 2877 caput
639 2807 797 2876 inquietare
815 2825 843 2862 r:
867 2824 917 2862 om.
937 2808 974 2876 B,
997 2809 1050 2863 ubi
1065 2807 1104 2861 stc
1119 2805 1144 2858 b:

134 2878 238 2933 etenim
262 2879 348 2948 caput
365 2877 523 2946 inquietare
542 2881 711 2932 consuerunt
729 2879 785 2947 (Ρε,
803 2879 866 2933 aaz.
885 2879 920 2945 cf.
940 2879 1037 2936 Diosc.
1051 2895 1082 2948 p.
1096 2879 1144 2930 uo

133 2952 336 3019 κεφαλαλγεῖς).
356 2950 386 3003 et
403 2950 548 3003 stomacho
568 2949 702 3004 contrarii
720 2949 883 3018 probantur.
946 2946 1144 3003 consuevenmt

132 3040 160 3077 r:
181 3023 332 3075 —suernnt
350 3021 406 3076 Bb.
533 3026 566 3074 12
591 3020 641 3075 Sin
662 3036 729 3075 vero
753 3019 844 3073 somni
867 3018 963 3074 suavis
986 3018 1074 3090 potiti
1093 3033 1143 3096 non

133 3092 238 3146 fuerint
256 3112 282 3148 r:
303 3091 352 3146 Sin
370 3108 435 3146 vcro
455 3091 584 3145 omnibus
608 3107 660 3144 sua
681 3090 764 3144 vibus
783 3090 913 3161 potiones
931 3089 1040 3145 fixerint
1056 3090 1095 3156 B,
1117 3086 1143 3142 St

132 3181 198 3218 vero
222 3163 314 3218 somni
337 3179 436 3216 suaves
459 3179 517 3216 non
538 3162 644 3216 fuerint
662 3164 678 3216 b
696 3164 742 3230 (cf.
760 3165 820 3232 pr).
848 3163 914 3216 boec
935 3164 1007 3217 mtre
1028 3159 1144 3228 corrupit

132 3236 220 3290 Nea!
353 3234 499 3288 lavacrum
516 3233 640 3287 calidum
658 3234 730 3288 er.
840 3237 873 3286 15
891 3231 1056 3303 hansigant
1072 3230 1142 3283 lovu-

133 3323 242 3360 crorum
260 3307 315 3362 rB:
334 3304 430 3360 balnei
448 3304 559 3375 possint
576 3303 732 3373 transigere
751 3305 774 3358 b.
901 3303 928 3357 si
946 3303 984 3357 ad
1003 3302 1057 3358 cib.
1076 3301 1140 3355 cont.

132 3384 179 3431 etc.
199 3378 254 3432 rB:
281 3376 306 3430 si
328 3377 455 3431 ciborum
473 3375 648 3430 continentia
667 3377 696 3429 et
712 3372 873 3443 frequentia
890 3373 1059 3429 balneorum
1076 3372 1140 3425 cete·

101 3513 103 3517 .
132 3464 226 3501 rorum
245 3447 449 3502 adiutoriorum
465 3464 519 3516 que
533 3447 661 3517 superius
679 3444 848 3500 intexuimus
867 3463 904 3500 m.
924 3444 943 3500 f.
963 3463 984 3501 r.
1004 3447 1029 3501 b.
1098 3444 1139 3511 (or-

132 3518 241 3586 borum)
260 3535 326 3587 ergo
347 3521 411 3573 add.
431 3519 459 3571 B
473 3522 539 3586 (noo
556 3520 612 3588 rb).
