2392 3922
120 163 163 227 28
429 163 620 216 THEODORI
636 161 819 215 PRISOIANI

123 337 152 390 et
174 331 269 389 uteris
293 329 438 389 similiter.
484 328 540 387 hoc
564 327 679 388 facilius
704 326 806 404 adipes
828 327 944 404 caprini
962 324 1011 385 vel
1033 326 1140 390 bubuli

123 418 211 478 colati
234 418 375 478 efficiunt.
421 418 577 495 origanum
599 434 669 476 vero
693 433 794 475 murra
818 421 848 475 et
871 413 915 474 sal
938 415 1029 476 simul
1051 423 1141 479 tunsa

123 509 282 567 commixta
309 525 378 566 cum
405 524 480 584 aqua
510 506 651 566 contiuuo
683 506 715 564 in
747 505 948 564 maturitatem
981 504 1140 567 adducent.

122 613 191 655 nam
215 603 245 655 et
268 597 382 656 caricae
407 600 547 654 contusae
571 611 639 654 cum
661 595 762 653 resina
785 591 931 652 similiter.

97 703 109 743 5
213 701 281 744 cum
304 701 374 742 vero
397 682 445 742 his
471 683 626 743 adiutoriis
654 681 795 742 adhibitis
824 680 1016 741 collectiones
1044 691 1140 743 matu·
1167 715 1170 721 ·

123 780 205 832 ratae
234 779 284 833 aut
311 778 429 832 coactae
457 773 612 850 eruperint
639 777 689 831 aut
716 789 732 829 a
760 768 885 829 medicis
913 769 1026 830 luerint
1057 777 1141 850 pate·

124 861 232 942 factae,
254 859 428 921 vulneribus
455 859 623 921 medeberis
647 861 673 919 is
697 858 923 918 medicamentis
946 876 1023 937 quae
1046 859 1141 919 medi·
1166 848 1174 863 ⁴

125 968 228 1010 corum
252 949 425 1009 solemniter
449 949 567 1010 edocuit
590 939 781 1007 consuetudo.
824 949 872 1006 sin
892 964 963 1007 vero
986 965 1095 1026 magna
1112 949 1142 1008 vi
1167 1022 1170 1027 ⁴

125 1041 269 1099 reumatis
293 1040 521 1119 superveniente
545 1036 659 1097 solvere
680 1054 741 1095 non
758 1037 913 1115 potuerint
931 1041 962 1095 et
979 1034 1141 1097 ferbuncu·

86 1147 112 1187 ro
125 1126 171 1187 los
195 1127 241 1187 vel
264 1127 414 1206 parotidas
438 1124 599 1186 callositate
620 1130 813 1204 permanente
832 1123 995 1185 choeradas
1014 1124 1143 1186 fecerint

127 1216 278 1296 duriores,
304 1223 376 1275 tunc
399 1214 435 1274 ad
459 1213 620 1274 choeradas
644 1231 693 1273 eas
717 1213 773 1273 alia
797 1213 992 1292 dispositione
1015 1230 1071 1291 pro
1096 1215 1145 1274 sui

127 1304 299 1364 difficultate
323 1320 425 1363 curam
449 1309 479 1362 et
501 1319 622 1382 operam
644 1303 823 1380 propensius
846 1299 1048 1362 adhibeamus

55 1466 114 1538 ‚27
455 1460 503 1520 Xl.
540 1459 586 1520 lle
611 1461 810 1521 choeradis.

214 1567 429 1628 Praeeuntibus
466 1566 618 1626 catholicis
660 1566 814 1627 adiutoriis
857 1585 931 1646 quae
969 1573 999 1626 et
1036 1569 1144 1645 capitis

87 1676 113 1717 15
126 1674 229 1717 reuma
253 1657 457 1734 constringere
476 1663 506 1715 et
525 1673 633 1733 corpus
651 1654 802 1734 reliquum
820 1656 990 1716 catharticis
1013 1674 1143 1734 purgare

199 1832 213 1879 1
234 1827 263 1880 et
280 1827 355 1880 teres
379 1825 509 1879 similiter
531 1825 602 1892 eet,
628 1825 657 1879 et
681 1825 776 1879 uteris.
816 1825 953 1880 Similiter
970 1826 999 1879 B
1017 1825 1096 1895 (teris
1116 1828 1146 1880 et

126 1897 214 1952 uteris
233 1899 286 1968 br).
367 1895 421 1951 hoc
439 1895 552 1951 facilius
571 1895 668 1965 adipes
688 1899 725 1951 br
736 1896 806 1952 eeu
825 1895 984 1966 (Similiter)
1002 1896 1057 1951 hoc
1075 1896 1146 1951 faci-

126 1969 182 2023 lius
201 1967 329 2038 erumpit.
349 1970 379 2022 et
397 1966 450 2021 soli
469 1967 561 2038 adipis
580 1967 616 2021 B.
759 1966 805 2020 vel
824 1968 934 2023 Boot:
957 1969 1009 2021 aut
1027 1969 1071 2024 br.

128 2047 143 2094 2
162 2057 257 2110 myrra
274 2042 311 2095 rb
322 2039 394 2095 een:
412 2038 497 2093 mirta
515 2041 540 2095 b.
602 2037 645 2091 sal
663 2037 723 2093 rB:
742 2037 802 2092 sala
816 2039 840 2107 b,
860 2038 934 2092 sales
950 2038 1008 2094 oet.
1059 2040 1146 2093 tunsa

128 2114 157 2166 et
175 2112 299 2166 comixta
312 2111 340 2164 B
354 2110 443 2180 (tunsi
460 2108 605 2166 commixti
622 2110 703 2179 Gall:
718 2109 940 2179 con(der)triti1
958 2107 1084 2163 comixtu
1099 2111 1144 2164 br.

128 2190 144 2238 3
163 2183 307 2237 adducent
324 2184 438 2250 (-cunt
455 2183 549 2251 rGel.)
567 2182 604 2237 rb
621 2181 691 2236 Gelu
710 2179 868 2250 perducunt
884 2179 921 2235 Β.
995 2185 1098 2234 lnam
1116 2182 1146 2235 et

129 2254 200 2308 Get:
220 2254 250 2306 et
267 2253 303 2320 B,
322 2268 373 2307 om.
393 2255 437 2307 br.
537 2251 668 2305 similiter
687 2251 798 2307 BGel.:
817 2268 868 2305 om.
889 2252 931 2305 br.
1042 2257 1145 2306 onero

128 2325 164 2378 br
175 2324 246 2378 Gela
266 2339 316 2377 om,
335 2323 371 2377 B.
480 2327 547 2377 tm.
563 2323 614 2374 aut
632 2323 747 2376 coactae
765 2321 907 2392 eruperint
922 2322 995 2377 Get:
1019 2323 1145 2376 matura·

127 2396 174 2447 tae
193 2391 335 2461 eruperint
355 2394 397 2460 (ia
414 2395 479 2462 raa.)
498 2393 538 2461 B,
562 2391 728 2446 maturitate
750 2392 795 2446 vel
816 2394 912 2463 aperte
931 2394 1018 2464 (apte)
1040 2391 1099 2447 sint
1116 2393 1145 2448 b.

127 2464 237 2533 mature
255 2462 301 2516 vel
322 2464 388 2531 apte
408 2465 466 2532 (sic)
485 2480 507 2518 r.
639 2463 885 2532 aut—patefactae
906 2463 977 2519 aet:
996 2479 1046 2518 om.
1067 2464 1145 2520 Bbr.

129 2539 143 2586 7
163 2534 201 2588 is:
219 2532 265 2586 his
283 2534 353 2587 Bbr
367 2532 426 2588 Gal.
502 2531 659 2587 medeberis
678 2534 714 2603 B,
734 2535 835 2589 —bere
856 2535 914 2592 cel.
933 2534 1025 2604 (mede
1043 2536 1068 2603 b,
1088 2551 1146 2589 me·

127 2605 193 2659 dere
211 2606 245 2674 r).
315 2602 517 2657 imadioorum
534 2619 584 2659 om.
604 2604 640 2658 B.
714 2605 923 2661 8sollemniter
936 2606 973 2674 B,
992 2604 1147 2660 solenniter

130 2676 200 2732 Gela
221 2691 270 2730 om.
291 2676 327 2729 br
346 2675 404 2743 (qui
422 2692 457 2729 m.
478 2691 552 2729 cons.
572 2673 703 2746 edocuit).
804 2685 869 2748 port
887 2675 999 2732 edocuit
1017 2678 1077 2731 alia
1091 2693 1143 2746 seq.

127 2748 324 2802 predicamento
337 2746 369 2800 ic
383 2746 438 2799 bcr
451 2743 625 2813 (Medicinali
645 2745 798 2818 digito...)
861 2748 906 2800 sin
924 2748 952 2801 B
964 2748 1035 2804 Get:
1055 2746 1080 2800 si
1100 2749 1144 2802 br.

128 2834 233 2888 magna
255 2815 284 2871 vi
306 2814 441 2870 reumatis
462 2816 535 2884 Get,
552 2833 656 2886 magno
675 2820 759 2888 (-na
777 2821 802 2886 r)
819 2820 945 2871 reumate
965 2821 1012 2873 br:
1040 2834 1145 2888 magno

128 2890 260 2960 flegmate
283 2887 318 2942 B.
410 2891 426 2938 9
454 2886 526 2941 solvi
552 2903 609 2941 non
635 2888 760 2958 potuerit
787 2886 960 2956 (furunculus
988 2888 1034 2944 vel
1061 2905 1146 2959 paro-

128 2962 205 3031 tida)
227 2961 268 3029 B,
296 2957 404 3014 solvere
428 2974 485 3012 non
511 2958 656 3028 potuerint
674 2961 710 3014 br
732 2955 871 3027 (potueris
899 2974 967 3013 corr.
994 2960 1072 3031 Get).

129 3037 159 3088 et
178 3035 250 3102 (bic)
270 3032 317 3086 br:
346 3030 375 3082 et
397 3031 471 3098 (post
493 3031 595 3100 perot.)
620 3030 691 3098 Get,
717 3029 768 3082 sed
791 3027 868 3094 (item
889 3035 955 3096 post
981 3034 1084 3101 perot.)
1107 3031 1144 3086 B.

128 3101 307 3159 ferbunculos
327 3101 424 3156 chta
443 3099 606 3154 furunculos
625 3103 703 3169 (-us
717 3098 755 3167 B)
773 3096 849 3176 ΨΒ..
922 3103 955 3151 10
983 3100 1146 3156 callositate

128 3192 155 3244 p.
181 3173 335 3230 choeradas
358 3172 386 3225 B
400 3172 470 3227 Get:
499 3187 550 3227 om.
579 3174 622 3226 br.
765 3167 883 3247 fecemnt
911 3168 938 3236 b,
968 3169 1107 3227 efficerint
1130 3191 1146 3228 r

129 3245 239 3312 (fecerit
265 3245 382 3313 Met).
482 3247 515 3295 11
545 3241 670 3295 duriores
697 3241 765 3293 tunc
792 3238 924 3304 quuades
952 3255 1000 3293 eas
1024 3244 1061 3296 br
1079 3243 1145 3312 (du-

128 3315 224 3380 riores,
243 3316 311 3368 tunc
329 3313 476 3369 choeradis
494 3312 538 3366 his
560 3313 642 3382 Geta:
663 3310 700 3364 ad
719 3306 843 3362 duriores
861 3308 1016 3364 choeradas
1034 3313 1071 3368 Β.

130 3391 164 3510 i}
182 3385 490 3510 sternitis
505 3384 635 3508 iada
654 3453 670 3505 a
689 3377 1143 3520 succentus·

130 3531 212 3584 etiam
230 3527 288 3593 r(c)
307 3523 348 3577 De
363 3525 497 3592 quiradis.
571 3519 893 3590 14-p.29‚1(erel.)
908 3528 971 3590 post
989 3522 1145 3577 choeradas
