2392 3922
338 172 577 227 nuromsron
593 175 853 230 FAENOMENON‚
1069 177 1114 242 49

43 344 45 353 “
88 340 249 421 doluerint,
278 339 417 400 cedrium
439 340 473 399 in
498 356 550 399 ore
573 346 686 421 teneat,
714 347 744 400 ct
766 343 907 402 continuo
931 344 1114 421 mitigantur.

43 446 45 499 t
88 432 204 491 sivero
227 427 330 489 molae
355 427 523 509 doluerint,
548 430 725 507 parietariae
748 430 859 490 radicis
883 449 973 492 sucus
997 435 1029 492 in
1052 433 1113 494 bal-

86 522 146 581 ucis
168 536 224 579 ore
249 520 457 597 contincatur,
485 523 516 578 et
540 520 639 578 statim
662 518 807 579 medetur.
853 518 901 579 vcl
925 522 1005 581 siin
1030 530 1113 583 aceto

86 608 184 669 eadem
217 606 310 668 radix
343 613 493 685 coquatur
525 612 555 667 et
585 606 724 667 similiter
750 607 934 668 adhibeatur.
986 628 1054 670 nam
1083 618 1113 671 et

87 697 216 777 pyrethri
240 695 332 756 radix
355 695 471 774 profuit
494 702 622 755 massata
640 697 789 756 continno.
832 696 959 776 alcyonii
978 699 1062 759 radix
1081 702 1112 760 in
1141 713 1154 752 5

87 784 267 847 rubonibus
296 786 397 864 posita
425 783 532 844 dentes
559 783 693 845 dolentes
721 785 892 864 fumigando
921 790 1113 866 compescuit.

87 884 113 935 ct
142 876 230 935 canis
265 873 345 934 dens
378 871 553 933 combustus
585 872 724 934 similiter
755 874 876 952 proluit.
923 881 952 935 ct
980 878 1006 936 si
1036 879 1114 937 aeris

89 964 187 1024 dorem
219 965 255 1023 in
286 962 355 1023 oleo
382 964 490 1022 tritum
518 961 658 1022 dentibus
686 962 856 1044 admoveas,
884 969 914 1023 ct
941 963 986 1024 lac
1014 967 1114 1026 asinae

90 1071 190 1115 recens
214 1051 359 1131 tepidum
381 1052 563 1129 constringit
585 1057 615 1111 et
637 1053 753 1130 mitigat
776 1054 926 1112 continno.

172 1159 292 1239 quibus
316 1159 395 1219 forte
417 1165 523 1238 putres
546 1176 688 1219 cavernae
712 1157 897 1241 obvenerint,
919 1158 1114 1219 melanthium
1124 1156 1167 1218 47

90 1248 208 1310 irictum
236 1250 273 1309 in
302 1253 388 1308 aceto
417 1249 609 1309 commixtum
632 1247 729 1308 isdem
752 1250 887 1308 cavernis
911 1250 1061 1328 opponito,
1086 1256 1155 1308 ctu

90 1340 171 1417 piper
196 1339 309 1397 tritum
334 1334 460 1415 galbano
483 1343 534 1397 aut
557 1338 665 1397 storaci
688 1338 882 1397 commixtum
902 1336 1048 1397 similiter,
1086 1344 1116 1397 ct

90 1429 113 1486 si
132 1426 200 1487 solo
223 1424 355 1506 pnlverc
378 1424 519 1486 aluminis
538 1427 625 1486 scissi
644 1425 765 1486 casdem
783 1443 925 1486 cavernas
944 1425 1115 1505 adimpleas.

90 1514 139 1576 hor
162 1524 196 1576 et
220 1513 372 1595 gallorum
394 1513 492 1593 pulvis
516 1532 584 1574 cum
606 1513 694 1575 melle
719 1516 898 1574 commixtus
922 1515 999 1576 lacit.

156 1782 173 1828 1
193 1775 299 1828 teneat
317 1774 378 1830 rB:
396 1774 516 1827 teneant
533 1773 614 1829 ὸθεῖ.
684 1780 748 1842 post
765 1772 826 1829 mit.
846 1774 911 1828 add.
931 1775 959 1828 b:
984 1776 1013 1828 ct
1031 1773 1117 1826 mirta

92 1846 118 1899 in
134 1846 205 1899 rino
224 1847 313 1899 cocta
332 1843 464 1898 similitor
483 1846 572 1900 curat.
660 1843 721 1898 tsi
735 1844 830 1900 acer:
850 1844 895 1898 sin
913 1846 969 1900 rB.
1042 1843 1117 1916 molp

92 1918 188 1972 rou:
207 1915 289 1987 male
308 1915 367 1970 Bo.
455 1914 597 1969 doluerint
617 1915 675 1971 θεῖ.
695 1914 866 1985 (depluerint
885 1918 924 1985 b):
944 1915 1043 1969 dolent
1060 1916 1116 1970 εΒ.

90 1988 191 2041 herbae
210 1988 280 2042 odd.
306 1990 381 2055 (onte
405 1986 500 2056 parit.)
518 1988 546 2041 Β
565 1994 590 2042 et
608 1989 683 2055 (post
700 1985 795 2056 perit.)
815 1988 830 2041 b
850 1989 917 2054 (coo
934 1987 1037 2053 atiel).

91 2059 199 2113 balneis
220 2060 258 2113 rb
271 2059 345 2114 ceo:
364 2057 468 2111 balneo
487 2059 515 2112 Β
614 2057 695 2111 3val
715 2060 743 2112 b:
764 2059 814 2110 ant
832 2058 888 2126 rB,
908 2059 937 2111 et
956 2058 1014 2111 θεῖ.
1087 2056 1118 2109 in

91 2142 166 2184 aceto
188 2130 295 2184 cadem
314 2130 349 2183 rb
362 2129 435 2185 θεῖε
454 2129 484 2181 in
503 2128 601 2183 eodem
620 2130 655 2183 Β.
743 2134 761 2182 4
779 2130 917 2197 coquatur
935 2129 971 2181 rb
982 2128 1052 2181 Gal:
1073 2142 1117 2180 co-

91 2202 185 2269 quitur
203 2202 244 2255 Β.
374 2202 405 2253 et
423 2200 484 2255 sim.
505 2200 675 2254 adhibeatur
694 2200 766 2256 θεῖε
792 2199 924 2253 similiter
942 2200 1075 2268 operatur
1094 2201 1117 2266 b,

91 2290 136 2327 on.
156 2274 186 2327 B
211 2273 275 2340 (rabi
300 2270 432 2324 similitor
456 2273 485 2325 et
506 2271 623 2342 piretri).
745 2272 864 2324 namet
889 2272 961 2326 Gal:
986 2272 1015 2324 et
1038 2271 1118 2324 rbB.

92 2350 106 2396 5
121 2346 258 2397 massata
275 2342 305 2396 B
316 2343 388 2398 θεῖε
414 2342 566 2396 masticata
584 2344 629 2397 rb.
774 2343 803 2395 ct
822 2341 938 2394 alcionii
957 2343 985 2410 b,
1004 2359 1071 2395 nam
1091 2344 1119 2396 et

91 2414 228 2469 alchionii
248 2412 367 2481 (alcioni
385 2416 411 2481 r)
429 2414 490 2469 rB:
510 2416 539 2467 ot
558 2413 630 2467 aizoi
651 2414 708 2469 θεῖ.
826 2418 841 2465 6
862 2413 959 2466 dentes
979 2414 1118 2482 (dolentes

92 2488 152 2541 odd.
174 2488 215 2553 Β)
234 2484 258 2539 f.
277 2501 302 2539 c.
321 2485 369 2538 rB
381 2485 454 2540 Gal:
478 2501 525 2538 ore
547 2484 640 2538 furnus
665 2484 725 2538 eins
750 2485 895 2553 susceptus
920 2485 1047 2538 dantium
1071 2486 1119 2538 do·

92 2556 178 2611 iorem
197 2573 222 2610 c.
246 2557 271 2610 b.
333 2555 459 2608 iFisica
477 2557 550 2624 (onte
569 2558 608 2625 et)
626 2557 700 2610 solos
719 2557 755 2624 B,
774 2557 825 2609 ubi
843 2557 918 2624 (post
937 2557 1119 2627 compescuit)

92 2630 117 2683 t:
131 2628 185 2682 sed
199 2630 232 2681 et
247 2626 284 2680 de
298 2625 454 2695 iusquiami
469 2626 573 2680 semine
587 2626 694 2680 factum
709 2627 741 2679 ut
759 2642 844 2696 supra
858 2625 935 2680 idem
948 2627 1119 2698 profuit(sic)

93 2726 123 2745 =
137 2718 180 2769 pr.
198 2717 230 2768 p.
247 2702 312 2753 423.
386 2702 402 2750 8
417 2697 468 2751 flos
488 2700 531 2752 br.
609 2703 625 2750 9
643 2714 696 2752 rec.
716 2700 773 2767 tep.
788 2697 868 2752 εθεῖ.
884 2700 989 2767 (recens
1005 2717 1054 2754 om.
1071 2702 1119 2768 b.):

92 2774 120 2824 et
136 2787 240 2824 recens
256 2785 290 2822 sc
303 2768 434 2838 tepidum
443 2770 478 2824 B.
532 2771 682 2837 utrumque
701 2767 875 2822 adiutorium
889 2772 965 2839 (post
982 2770 1120 2841 tepidum)

91 2843 154 2897 cdd.
178 2842 241 2896 θεῖ.
351 2842 391 2908 (et
414 2841 479 2895 adol.
498 2842 556 2911 rB)
579 2839 749 2910 constringit
776 2842 806 2894 et
833 2839 949 2911 mitigat
972 2841 1120 2910 (continuo

93 2914 156 2967 odd.
181 2912 255 2979 θεῖ)
273 2912 323 2965 rB
333 2912 406 2966 θεῖε
426 2911 559 2965 continuo
578 2911 694 2982 mitigat
713 2914 737 2966 b.
810 2916 843 2964 10
863 2911 1000 2965 Similiter
1019 2911 1120 2978 quibus

94 2985 151 3037 rB:
173 2986 237 3051 (om.
254 2981 396 3051 similiter)
415 2981 518 3050 quibus
536 2982 609 3036 forte
625 2985 649 3052 b,
668 2982 714 3036 cni
727 2982 800 3037 forte
816 2983 875 3038 θεῖ.
954 2989 986 3036 11
1007 2982 1122 3034 frictum

94 3055 168 3107 ina.
189 3071 213 3108 c.
237 3052 311 3122 θεῖ,
337 3053 462 3106 fractum
479 3053 580 3106 tritum
599 3053 719 3107 atina.
739 3071 761 3109 c.
781 3073 808 3109 r:
833 3052 1030 3108 elixnmina.
1052 3053 1122 3106 c.B

104 3128 188 3179 aceto
202 3123 359 3178 contritum
370 3126 393 3179 b.
404 3125 439 3191 cf.
450 3126 553 3193 τρίψας
565 3142 606 3194 pr.
613 3142 643 3193 p.
655 3128 728 3194 358).
801 3125 893 3178 isdem
902 3123 1022 3192 (hisdem
1038 3123 1120 3177 bGel.

95 3214 144 3250 om.
167 3199 286 3265 r)-(12)
305 3194 491 3249 commixtum
509 3198 545 3250 rb
558 3197 630 3251 Get:
650 3212 700 3251 om.
720 3198 755 3251 Β.
870 3194 1004 3264 opponito
1025 3197 1052 3248 b:
1073 3211 1122 3263 ap-

95 3268 177 3336 ponit
196 3268 266 3335 θεῖ,
286 3275 374 3337 ipone
392 3284 415 3320 r.
538 3273 570 3321 12
590 3269 641 3320 aut
659 3266 716 3336 (vel
735 3269 760 3335 b)
780 3268 889 3337 storacp
909 3283 924 3318 r
943 3265 1016 3333 l-ci
1035 3268 1074 3333 bl:
1094 3267 1122 3319 et

97 3349 206 3392 storace
227 3338 286 3393 θεῖ,
375 3337 609 3408 (consimiliter)
628 3337 699 3392 lacit
716 3340 779 3393 odd.
799 3355 815 3392 r
887 3337 916 3388 ct
935 3335 959 3388 si
978 3336 1040 3390 solii
1059 3339 1122 3392 rB:

98 3414 127 3463 et
144 3409 170 3462 si
188 3408 282 3463 soluto
302 3410 363 3465 θεῖ.
384 3410 445 3477 (ont.
465 3411 498 3478 b).
623 3415 655 3463 13
676 3408 756 3462 scissi
775 3409 803 3462 B
821 3405 911 3476 (scisti
931 3408 969 3476 b):
989 3425 1040 3463 oro.
1062 3410 1122 3464 θεῖ.

109 3480 252 3604 amentili.
273 3478 410 3535 aluminis
430 3479 511 3533 scissi
529 3499 545 3536 r
562 3498 624 3537 cum
642 3480 708 3535 Sim.
728 3481 810 3548 Iam).
894 3477 1051 3549 adimpleas
1072 3481 1123 3535 rB

103 3554 172 3608 Geir
191 3554 283 3622 lpeto
302 3554 326 3607 b.

152 3652 287 3693 anconem
296 3649 437 3699 Priscianus,
454 3650 488 3690 cd,
501 3650 582 3691 Bono,
953 3645 972 3699 4
