<?xml version="1.0" encoding="UTF-8"?>
<!DOCTYPE html PUBLIC "-//W3C//DTD XHTML 1.0 Transitional//EN"
    "http://www.w3.org/TR/xhtml1/DTD/xhtml1-transitional.dtd">
<html xmlns="http://www.w3.org/1999/xhtml" xml:lang="en" lang="en">
 <head>
  <title>
</title>
<meta http-equiv="Content-Type" content="text/html;charset=utf-8" />
  <meta name='ocr-system' content='tesseract 3.04.00' />
  <meta name='ocr-capabilities' content='ocr_page ocr_carea ocr_par ocr_line ocrx_word'/>
</head>
<body>
  <div class='ocr_page' id='page_1' title='image "./euporistonlibri00rosegoog_0284.png"; bbox 0 0 2392 3922; ppageno 0'>
   <div class='ocr_carea' id='block_1_1' title="bbox 516 157 1104 256">
    <p class='ocr_par' dir='ltr' id='par_1_1' title="bbox 516 157 1104 256">
     <span class='ocr_line' id='line_1_1' title="bbox 516 157 1104 256; baseline -0.003 -26"><span class='ocrx_word' id='word_1_1' title='bbox 516 178 681 256; x_wconf 74' lang='lat' dir='ltr'>⁴ruruslcs.</span> <span class='ocrx_word' id='word_1_2' title='bbox 763 219 768 231; x_wconf 94' lang='lat'>.</span> <span class='ocrx_word' id='word_1_3' title='bbox 981 157 986 170; x_wconf 85' lang='lat'>&#39;</span> <span class='ocrx_word' id='word_1_4' title='bbox 1040 173 1104 241; x_wconf 78' lang='lat'>251</span> 
     </span>
    </p>
   </div>
   <div class='ocr_carea' id='block_1_2' title="bbox 85 343 1158 1596">
    <p class='ocr_par' dir='ltr' id='par_1_2' title="bbox 85 343 1158 1596">
     <span class='ocr_line' id='line_1_2' title="bbox 87 343 1105 423; baseline -0.003 -14"><span class='ocrx_word' id='word_1_5' title='bbox 87 356 173 409; x_wconf 85' lang='lat' dir='ltr'>tanas</span> <span class='ocrx_word' id='word_1_6' title='bbox 196 343 417 418; x_wconf 79' lang='lat' dir='ltr'>Saturnifilias</span> <span class='ocrx_word' id='word_1_7' title='bbox 439 344 595 404; x_wconf 86' lang='lat' dir='ltr'>affirmarit</span> <span class='ocrx_word' id='word_1_8' title='bbox 618 345 787 423; x_wconf 82' lang='lat' dir='ltr'><strong>antiquitas.</strong></span> <span class='ocrx_word' id='word_1_9' title='bbox 815 346 847 405; x_wconf 92' lang='lat' dir='ltr'>in</span> <span class='ocrx_word' id='word_1_10' title='bbox 870 362 996 423; x_wconf 92' lang='lat' dir='ltr'>quarum</span> <span class='ocrx_word' id='word_1_11' title='bbox 1020 362 1105 406; x_wconf 91' lang='lat' dir='ltr'>cura-</span> 
     </span>
     <span class='ocr_line' id='line_1_3' title="bbox 87 431 1105 514; baseline -0.004 -16"><span class='ocrx_word' id='word_1_12' title='bbox 87 439 171 498; x_wconf 86' lang='lat' dir='ltr'>tione</span> <span class='ocrx_word' id='word_1_13' title='bbox 198 433 428 500; x_wconf 73' lang='lat' dir='ltr'><strong>Democritus</strong></span> <span class='ocrx_word' id='word_1_14' title='bbox 455 434 552 512; x_wconf 90' lang='lat' dir='ltr'>inquit</span> <span class='ocrx_word' id='word_1_15' title='bbox 578 431 741 512; x_wconf 75' lang='lat' dir='ltr'>pollutione</span> <span class='ocrx_word' id='word_1_16' title='bbox 767 451 842 512; x_wconf 85' lang='lat' dir='ltr'>opus</span> <span class='ocrx_word' id='word_1_17' title='bbox 865 450 946 514; x_wconf 89' lang='lat' dir='ltr'>esse,</span> <span class='ocrx_word' id='word_1_18' title='bbox 974 441 1006 495; x_wconf 92' lang='lat' dir='ltr'>ut</span> <span class='ocrx_word' id='word_1_19' title='bbox 1035 441 1105 496; x_wconf 92' lang='lat' dir='ltr'>sunt</span> 
     </span>
     <span class='ocr_line' id='line_1_4' title="bbox 85 514 1105 603; baseline -0.004 -15"><span class='ocrx_word' id='word_1_20' title='bbox 85 524 189 587; x_wconf 87' lang='lat' dir='ltr'>caedis</span> <span class='ocrx_word' id='word_1_21' title='bbox 218 521 323 602; x_wconf 90' lang='lat' dir='ltr'>culpae</span> <span class='ocrx_word' id='word_1_22' title='bbox 350 529 381 583; x_wconf 92' lang='lat' dir='ltr'>et</span> <span class='ocrx_word' id='word_1_23' title='bbox 409 529 577 583; x_wconf 77' lang='lat' dir='ltr'>menstruae</span> <span class='ocrx_word' id='word_1_24' title='bbox 604 514 739 586; x_wconf 79' lang='lat' dir='ltr'>mulieris</span> <span class='ocrx_word' id='word_1_25' title='bbox 763 529 794 586; x_wconf 89' lang='lat' dir='ltr'>et</span> <span class='ocrx_word' id='word_1_26' title='bbox 816 539 967 586; x_wconf 84' lang='lat' dir='ltr'>sacrarum</span> <span class='ocrx_word' id='word_1_27' title='bbox 998 524 1105 603; x_wconf 89' lang='lat' dir='ltr'>avium,</span> 
     </span>
     <span class='ocr_line' id='line_1_5' title="bbox 87 609 1106 690; baseline -0.001 -17"><span class='ocrx_word' id='word_1_28' title='bbox 87 613 136 675; x_wconf 85' lang='lat' dir='ltr'>rel</span> <span class='ocrx_word' id='word_1_29' title='bbox 162 613 324 676; x_wconf 87' lang='lat' dir='ltr'>vetitorum</span> <span class='ocrx_word' id='word_1_30' title='bbox 351 610 521 674; x_wconf 87' lang='lat' dir='ltr'>animalium</span> <span class='ocrx_word' id='word_1_31' title='bbox 553 628 658 671; x_wconf 92' lang='lat' dir='ltr'>carnes</span> <span class='ocrx_word' id='word_1_32' title='bbox 688 609 754 671; x_wconf 87' lang='lat' dir='ltr'>cibo</span> <span class='ocrx_word' id='word_1_33' title='bbox 782 609 866 672; x_wconf 89' lang='lat' dir='ltr'>datae</span> <span class='ocrx_word' id='word_1_34' title='bbox 893 618 927 673; x_wconf 91' lang='lat' dir='ltr'>et</span> <span class='ocrx_word' id='word_1_35' title='bbox 952 613 1106 690; x_wconf 84' lang='lat' dir='ltr'>sanguinis</span> 
     </span>
     <span class='ocr_line' id='line_1_6' title="bbox 87 699 1147 783; baseline -0.003 -18"><span class='ocrx_word' id='word_1_36' title='bbox 87 710 186 783; x_wconf 90' lang='lat' dir='ltr'>pctus.</span> <span class='ocrx_word' id='word_1_37' title='bbox 232 718 303 762; x_wconf 92' lang='lat' dir='ltr'>nam</span> <span class='ocrx_word' id='word_1_38' title='bbox 326 708 356 760; x_wconf 90' lang='lat' dir='ltr'>ct</span> <span class='ocrx_word' id='word_1_39' title='bbox 378 699 564 779; x_wconf 91' lang='lat' dir='ltr'>epilempsin,</span> <span class='ocrx_word' id='word_1_40' title='bbox 586 717 675 778; x_wconf 89' lang='lat' dir='ltr'>quam</span> <span class='ocrx_word' id='word_1_41' title='bbox 693 701 777 760; x_wconf 84' lang='lat' dir='ltr'>icran</span> <span class='ocrx_word' id='word_1_42' title='bbox 797 717 892 763; x_wconf 87' lang='lat' dir='ltr'>ucscn</span> <span class='ocrx_word' id='word_1_43' title='bbox 910 699 1105 781; x_wconf 88' lang='lat' dir='ltr'>appellavere,</span> <span class='ocrx_word' id='word_1_44' title='bbox 1132 708 1147 750; x_wconf 61' lang='grc' dir='ltr'><strong>ὅ</strong></span> 
     </span>
     <span class='ocr_line' id='line_1_7' title="bbox 88 789 1128 869; baseline -0.002 -17"><span class='ocrx_word' id='word_1_45' title='bbox 88 795 134 853; x_wconf 89' lang='lat' dir='ltr'>sic</span> <span class='ocrx_word' id='word_1_46' title='bbox 166 807 273 854; x_wconf 88' lang='lat' dir='ltr'>curare</span> <span class='ocrx_word' id='word_1_47' title='bbox 304 790 463 869; x_wconf 82' lang='lat' dir='ltr'>praecipit,</span> <span class='ocrx_word' id='word_1_48' title='bbox 496 789 645 858; x_wconf 85' lang='lat' dir='ltr'>efficaciae</span> <span class='ocrx_word' id='word_1_49' title='bbox 677 790 839 867; x_wconf 89' lang='lat' dir='ltr'>potentiam</span> <span class='ocrx_word' id='word_1_50' title='bbox 870 790 1044 868; x_wconf 82' lang='lat' dir='ltr'>praeterens</span> <span class='ocrx_word' id='word_1_51' title='bbox 1075 794 1128 850; x_wconf 83' lang='lat' dir='ltr'>et&#39;</span> 
     </span>
     <span class='ocr_line' id='line_1_8' title="bbox 88 876 1104 959; baseline -0.001 -20"><span class='ocrx_word' id='word_1_52' title='bbox 88 879 330 958; x_wconf 81' lang='lat' dir='ltr'>vetansinquiri</span> <span class='ocrx_word' id='word_1_53' title='bbox 353 879 507 939; x_wconf 88' lang='lat' dir='ltr'>rationem.</span> <span class='ocrx_word' id='word_1_54' title='bbox 554 876 607 938; x_wconf 90' lang='lat' dir='ltr'>sed</span> <span class='ocrx_word' id='word_1_55' title='bbox 629 876 702 939; x_wconf 93' lang='lat' dir='ltr'>haec</span> <span class='ocrx_word' id='word_1_56' title='bbox 725 895 785 940; x_wconf 91' lang='lat' dir='ltr'>non</span> <span class='ocrx_word' id='word_1_57' title='bbox 808 895 863 939; x_wconf 89' lang='lat' dir='ltr'>ncs</span> <span class='ocrx_word' id='word_1_58' title='bbox 890 880 981 959; x_wconf 87' lang='lat' dir='ltr'>primi</span> <span class='ocrx_word' id='word_1_59' title='bbox 1003 878 1104 958; x_wconf 88' lang='lat' dir='ltr'>prodi-</span> 
     </span>
     <span class='ocr_line' id='line_1_9' title="bbox 87 968 1104 1052; baseline -0.003 -22"><span class='ocrx_word' id='word_1_60' title='bbox 87 988 164 1030; x_wconf 88' lang='lat' dir='ltr'>mus.</span> <span class='ocrx_word' id='word_1_61' title='bbox 206 968 296 1028; x_wconf 84' lang='lat' dir='ltr'>fateri</span> <span class='ocrx_word' id='word_1_62' title='bbox 317 971 378 1029; x_wconf 89' lang='lat' dir='ltr'>nou</span> <span class='ocrx_word' id='word_1_63' title='bbox 400 968 541 1052; x_wconf 82' lang='lat' dir='ltr'>paenitet,</span> <span class='ocrx_word' id='word_1_64' title='bbox 564 968 731 1027; x_wconf 90' lang='lat' dir='ltr'>communia</span> <span class='ocrx_word' id='word_1_65' title='bbox 750 973 819 1028; x_wconf 90' lang='lat' dir='ltr'>sunt</span> <span class='ocrx_word' id='word_1_66' title='bbox 842 973 1004 1045; x_wconf 84' lang='lat' dir='ltr'>quaecum</span> <span class='ocrx_word' id='word_1_67' title='bbox 1023 970 1104 1027; x_wconf 64' lang='lat' dir='ltr'>retess</span> 
     </span>
     <span class='ocr_line' id='line_1_10' title="bbox 89 1051 1106 1135; baseline -0.005 -15"><span class='ocrx_word' id='word_1_68' title='bbox 89 1058 172 1121; x_wconf 89' lang='lat' dir='ltr'>ribus</span> <span class='ocrx_word' id='word_1_69' title='bbox 196 1057 303 1118; x_wconf 91' lang='lat' dir='ltr'>sentio.</span> <span class='ocrx_word' id='word_1_70' title='bbox 344 1073 411 1116; x_wconf 91' lang='lat' dir='ltr'>mea</span> <span class='ocrx_word' id='word_1_71' title='bbox 433 1073 508 1134; x_wconf 90' lang='lat' dir='ltr'>quae</span> <span class='ocrx_word' id='word_1_72' title='bbox 531 1051 702 1135; x_wconf 75' lang='lat' dir='ltr'>scripsero,</span> <span class='ocrx_word' id='word_1_73' title='bbox 718 1073 812 1135; x_wconf 88' lang='lat' dir='ltr'>aeque</span> <span class='ocrx_word' id='word_1_74' title='bbox 831 1057 863 1117; x_wconf 91' lang='lat' dir='ltr'>in</span> <span class='ocrx_word' id='word_1_75' title='bbox 881 1055 928 1116; x_wconf 92' lang='lat' dir='ltr'>his</span> <span class='ocrx_word' id='word_1_76' title='bbox 952 1055 1106 1116; x_wconf 82' lang='lat' dir='ltr'>dumtaxat</span> 
     </span>
     <span class='ocr_line' id='line_1_11' title="bbox 86 1135 1146 1223; baseline -0.004 -15"><span class='ocrx_word' id='word_1_77' title='bbox 86 1155 120 1208; x_wconf 90' lang='lat' dir='ltr'>et</span> <span class='ocrx_word' id='word_1_78' title='bbox 141 1164 197 1208; x_wconf 89' lang='lat' dir='ltr'>nos</span> <span class='ocrx_word' id='word_1_79' title='bbox 231 1135 325 1222; x_wconf 60' lang='lat' dir='ltr'>magis</span> <span class='ocrx_word' id='word_1_80' title='bbox 352 1146 481 1223; x_wconf 89' lang='lat' dir='ltr'>posteris</span> <span class='ocrx_word' id='word_1_81' title='bbox 508 1142 701 1223; x_wconf 88' lang='lat' dir='ltr'>placebimus.</span> <span class='ocrx_word' id='word_1_82' title='bbox 746 1162 803 1205; x_wconf 93' lang='lat' dir='ltr'>nec</span> <span class='ocrx_word' id='word_1_83' title='bbox 829 1145 940 1205; x_wconf 91' lang='lat' dir='ltr'>mirum</span> <span class='ocrx_word' id='word_1_84' title='bbox 967 1146 994 1204; x_wconf 90' lang='lat' dir='ltr'>si</span> <span class='ocrx_word' id='word_1_85' title='bbox 1022 1142 1104 1205; x_wconf 93' lang='lat' dir='ltr'>nulla</span> <span class='ocrx_word' id='word_1_86' title='bbox 1119 1153 1146 1193; x_wconf 85' lang='lat'>1⁰</span> 
     </span>
     <span class='ocr_line' id='line_1_12' title="bbox 88 1231 1158 1312; baseline 0 -16"><span class='ocrx_word' id='word_1_87' title='bbox 88 1237 170 1296; x_wconf 89' lang='lat' dir='ltr'>circa</span> <span class='ocrx_word' id='word_1_88' title='bbox 193 1232 276 1294; x_wconf 81' lang='lat' dir='ltr'>viv‘os</span> <span class='ocrx_word' id='word_1_89' title='bbox 299 1233 374 1293; x_wconf 86' lang='lat' dir='ltr'>lama</span> <span class='ocrx_word' id='word_1_90' title='bbox 394 1239 447 1294; x_wconf 90' lang='lat' dir='ltr'>est.</span> <span class='ocrx_word' id='word_1_91' title='bbox 489 1250 541 1293; x_wconf 89' lang='lat' dir='ltr'>sua</span> <span class='ocrx_word' id='word_1_92' title='bbox 559 1239 693 1312; x_wconf 90' lang='lat' dir='ltr'>tempora</span> <span class='ocrx_word' id='word_1_93' title='bbox 715 1231 809 1295; x_wconf 88' lang='lat' dir='ltr'>lector</span> <span class='ocrx_word' id='word_1_94' title='bbox 827 1250 888 1295; x_wconf 89' lang='lat' dir='ltr'>nou</span> <span class='ocrx_word' id='word_1_95' title='bbox 910 1239 997 1294; x_wconf 74' lang='lat' dir='ltr'>amat,</span> <span class='ocrx_word' id='word_1_96' title='bbox 1035 1232 1105 1294; x_wconf 94' lang='lat' dir='ltr'>binc</span> <span class='ocrx_word' id='word_1_97' title='bbox 1156 1292 1158 1296; x_wconf 81' lang='grc'><em>,</em></span> 
     </span>
     <span class='ocr_line' id='line_1_13' title="bbox 87 1308 1157 1401; baseline -0.004 -17"><span class='ocrx_word' id='word_1_98' title='bbox 87 1333 140 1384; x_wconf 88' lang='lat' dir='ltr'>est·</span> <span class='ocrx_word' id='word_1_99' title='bbox 158 1322 234 1384; x_wconf 91' lang='lat' dir='ltr'>illud</span> <span class='ocrx_word' id='word_1_100' title='bbox 258 1321 456 1383; x_wconf 90' lang='lat' dir='ltr'>clarissimum</span> <span class='ocrx_word' id='word_1_101' title='bbox 479 1322 601 1401; x_wconf 82' lang='lat' dir='ltr'>satyrici</span> <span class='ocrx_word' id='word_1_102' title='bbox 622 1321 805 1395; x_wconf 85' lang='lat' dir='ltr'>distichum</span> <span class='ocrx_word' id='word_1_103' title='bbox 852 1308 855 1321; x_wconf 49' lang='lat'><strong><em>¹</em></strong></span> <span class='ocrx_word' id='word_1_104' title='bbox 1153 1340 1157 1347; x_wconf 93' lang='lat'><strong>·</strong></span> 
     </span>
     <span class='ocr_line' id='line_1_14' title="bbox 231 1426 969 1508; baseline 0 -20"><span class='ocrx_word' id='word_1_105' title='bbox 231 1446 320 1508; x_wconf 88' lang='lat' dir='ltr'>parva</span> <span class='ocrx_word' id='word_1_106' title='bbox 343 1434 482 1489; x_wconf 86' lang='lat' dir='ltr'>coronate</span> <span class='ocrx_word' id='word_1_107' title='bbox 505 1426 641 1506; x_wconf 81' lang='lat' dir='ltr'>plausere</span> <span class='ocrx_word' id='word_1_108' title='bbox 664 1427 780 1488; x_wconf 86' lang='lat' dir='ltr'>theatra</span> <span class='ocrx_word' id='word_1_109' title='bbox 800 1427 969 1504; x_wconf 87' lang='lat' dir='ltr'>Menandro·</span> 
     </span>
     <span class='ocr_line' id='line_1_15' title="bbox 276 1515 926 1596; baseline 0 -19"><span class='ocrx_word' id='word_1_110' title='bbox 276 1519 466 1596; x_wconf 83' lang='lat' dir='ltr'>riseruntque</span> <span class='ocrx_word' id='word_1_111' title='bbox 491 1534 578 1576; x_wconf 91' lang='lat' dir='ltr'>suum</span> <span class='ocrx_word' id='word_1_112' title='bbox 601 1516 718 1576; x_wconf 90' lang='lat' dir='ltr'>saecula</span> <span class='ocrx_word' id='word_1_113' title='bbox 739 1515 926 1579; x_wconf 87' lang='lat' dir='ltr'>Maeoniden.-</span> 
     </span>
    </p>
   </div>
   <div class='ocr_carea' id='block_1_3' title="bbox 88 1626 1146 2059">
    <p class='ocr_par' dir='ltr' id='par_1_3' title="bbox 88 1626 1146 2059">
     <span class='ocr_line' id='line_1_16' title="bbox 89 1626 1146 1706; baseline 0 -21"><span class='ocrx_word' id='word_1_114' title='bbox 89 1645 158 1686; x_wconf 91' lang='lat' dir='ltr'>nam</span> <span class='ocrx_word' id='word_1_115' title='bbox 178 1634 208 1685; x_wconf 92' lang='lat' dir='ltr'>et</span> <span class='ocrx_word' id='word_1_116' title='bbox 228 1626 399 1703; x_wconf 83' lang='lat' dir='ltr'>magister</span> <span class='ocrx_word' id='word_1_117' title='bbox 412 1641 515 1694; x_wconf 80' lang='lat' dir='ltr'>,meus</span> <span class='ocrx_word' id='word_1_118' title='bbox 535 1641 593 1702; x_wconf 88' lang='lat' dir='ltr'>qno</span> <span class='ocrx_word' id='word_1_119' title='bbox 617 1640 664 1682; x_wconf 92' lang='lat' dir='ltr'>me</span> <span class='ocrx_word' id='word_1_120' title='bbox 688 1641 776 1684; x_wconf 89' lang='lat' dir='ltr'>usum</span> <span class='ocrx_word' id='word_1_121' title='bbox 795 1643 860 1686; x_wconf 88' lang='lat' dir='ltr'>esse</span> <span class='ocrx_word' id='word_1_122' title='bbox 882 1628 1106 1706; x_wconf 81' lang='lat' dir='ltr'>praemiseram,</span> <span class='ocrx_word' id='word_1_123' title='bbox 1121 1631 1146 1672; x_wconf 85' lang='lat'>1⁵</span> 
     </span>
     <span class='ocr_line' id='line_1_17' title="bbox 88 1711 1106 1792; baseline -0.001 -18"><span class='ocrx_word' id='word_1_124' title='bbox 88 1715 161 1774; x_wconf 91' lang='lat' dir='ltr'>dum</span> <span class='ocrx_word' id='word_1_125' title='bbox 180 1716 294 1773; x_wconf 87' lang='lat' dir='ltr'>viveret</span> <span class='ocrx_word' id='word_1_126' title='bbox 315 1711 411 1773; x_wconf 91' lang='lat' dir='ltr'>bellus</span> <span class='ocrx_word' id='word_1_127' title='bbox 433 1711 606 1792; x_wconf 82' lang='lat' dir='ltr'>habebatur,</span> <span class='ocrx_word' id='word_1_128' title='bbox 631 1713 684 1791; x_wconf 88' lang='lat' dir='ltr'>qui</span> <span class='ocrx_word' id='word_1_129' title='bbox 701 1729 781 1772; x_wconf 91' lang='lat' dir='ltr'>nunc</span> <span class='ocrx_word' id='word_1_130' title='bbox 803 1712 884 1774; x_wconf 87' lang='lat' dir='ltr'>orbis</span> <span class='ocrx_word' id='word_1_131' title='bbox 908 1716 999 1774; x_wconf 91' lang='lat' dir='ltr'>totius</span> <span class='ocrx_word' id='word_1_132' title='bbox 1023 1713 1106 1773; x_wconf 91' lang='lat' dir='ltr'>Vin·</span> 
     </span>
     <span class='ocr_line' id='line_1_18' title="bbox 89 1799 1105 1880; baseline -0.003 -17"><span class='ocrx_word' id='word_1_133' title='bbox 89 1804 258 1863; x_wconf 88' lang='lat' dir='ltr'>dicianus</span> <span class='ocrx_word' id='word_1_134' title='bbox 286 1800 465 1880; x_wconf 91' lang='lat' dir='ltr'>celebratur,</span> <span class='ocrx_word' id='word_1_135' title='bbox 494 1808 523 1859; x_wconf 91' lang='lat' dir='ltr'>et</span> <span class='ocrx_word' id='word_1_136' title='bbox 549 1799 683 1878; x_wconf 89' lang='lat' dir='ltr'>prolecto</span> <span class='ocrx_word' id='word_1_137' title='bbox 711 1800 821 1861; x_wconf 90' lang='lat' dir='ltr'>nullius</span> <span class='ocrx_word' id='word_1_138' title='bbox 845 1820 985 1880; x_wconf 88' lang='lat' dir='ltr'>umquam</span> <span class='ocrx_word' id='word_1_139' title='bbox 1010 1803 1105 1861; x_wconf 92' lang='lat' dir='ltr'>virtus</span> 
     </span>
     <span class='ocr_line' id='line_1_19' title="bbox 89 1887 1105 1970; baseline -0.001 -20"><span class='ocrx_word' id='word_1_140' title='bbox 89 1891 179 1970; x_wconf 84' lang='lat' dir='ltr'>digne</span> <span class='ocrx_word' id='word_1_141' title='bbox 207 1908 261 1950; x_wconf 91' lang='lat' dir='ltr'>suc</span> <span class='ocrx_word' id='word_1_142' title='bbox 290 1887 407 1963; x_wconf 82' lang='lat' dir='ltr'>saeculo</span> <span class='ocrx_word' id='word_1_143' title='bbox 430 1888 573 1948; x_wconf 88' lang='lat' dir='ltr'>honorata</span> <span class='ocrx_word' id='word_1_144' title='bbox 596 1895 656 1968; x_wconf 91' lang='lat' dir='ltr'>est,</span> <span class='ocrx_word' id='word_1_145' title='bbox 683 1887 731 1948; x_wconf 84' lang='lat' dir='ltr'>rel</span> <span class='ocrx_word' id='word_1_146' title='bbox 758 1889 835 1968; x_wconf 86' lang='lat' dir='ltr'>quod</span> <span class='ocrx_word' id='word_1_147' title='bbox 859 1889 987 1949; x_wconf 90' lang='lat' dir='ltr'>invidiae</span> <span class='ocrx_word' id='word_1_148' title='bbox 1011 1888 1105 1949; x_wconf 83' lang='lat' dir='ltr'>fortu-</span> 
     </span>
     <span class='ocr_line' id='line_1_20' title="bbox 91 1975 1104 2059; baseline -0.003 -19"><span class='ocrx_word' id='word_1_149' title='bbox 91 1997 205 2059; x_wconf 86' lang='lat' dir='ltr'>naeque</span> <span class='ocrx_word' id='word_1_150' title='bbox 229 1978 313 2038; x_wconf 87' lang='lat' dir='ltr'>locus</span> <span class='ocrx_word' id='word_1_151' title='bbox 336 1978 518 2037; x_wconf 85' lang='lat' dir='ltr'>interrivos</span> <span class='ocrx_word' id='word_1_152' title='bbox 541 1985 658 2037; x_wconf 90' lang='lat' dir='ltr'>maneat</span> <span class='ocrx_word' id='word_1_153' title='bbox 684 1975 731 2036; x_wconf 88' lang='lat' dir='ltr'>vel</span> <span class='ocrx_word' id='word_1_154' title='bbox 754 1977 832 2056; x_wconf 89' lang='lat' dir='ltr'>quod</span> <span class='ocrx_word' id='word_1_155' title='bbox 855 1996 872 2037; x_wconf 93' lang='lat' dir='ltr'>a</span> <span class='ocrx_word' id='word_1_156' title='bbox 895 1978 1014 2037; x_wconf 89' lang='lat' dir='ltr'>miseria</span> <span class='ocrx_word' id='word_1_157' title='bbox 1039 1984 1104 2037; x_wconf 85' lang='lat' dir='ltr'>crte</span> 
     </span>
    </p>
   </div>
   <div class='ocr_carea' id='block_1_4' title="bbox 88 2062 1147 2156">
    <p class='ocr_par' dir='ltr' id='par_1_4' title="bbox 88 2062 1147 2156">
     <span class='ocr_line' id='line_1_21' title="bbox 88 2062 1147 2156; baseline -0.012 -28"><span class='ocrx_word' id='word_1_158' title='bbox 88 2068 240 2156; x_wconf 85' lang='lat' dir='ltr'>desideria</span> <span class='ocrx_word' id='word_1_159' title='bbox 264 2065 431 2127; x_wconf 82' lang='lat' dir='ltr'>celebretur</span> <span class='ocrx_word' id='word_1_160' title='bbox 453 2072 521 2145; x_wconf 90' lang='lat' dir='ltr'>post</span> <span class='ocrx_word' id='word_1_161' title='bbox 544 2064 603 2125; x_wconf 85' lang='lat' dir='ltr'>fata</span> <span class='ocrx_word' id='word_1_162' title='bbox 625 2064 768 2144; x_wconf 88' lang='lat' dir='ltr'>probatio.</span> <span class='ocrx_word' id='word_1_163' title='bbox 790 2064 792 2068; x_wconf 67' lang='lat'>&#39;</span> <span class='ocrx_word' id='word_1_164' title='bbox 842 2143 848 2151; x_wconf 30' lang='grc' dir='ltr'>Ι</span> <span class='ocrx_word' id='word_1_165' title='bbox 927 2062 935 2080; x_wconf 85' lang='grc'><em>·</em></span> <span class='ocrx_word' id='word_1_166' title='bbox 1119 2076 1147 2116; x_wconf 81' lang='lat'>20</span> 
     </span>
    </p>
   </div>
   <div class='ocr_carea' id='block_1_5' title="bbox 377 2202 841 2286">
    <p class='ocr_par' dir='ltr' id='par_1_5' title="bbox 377 2202 841 2286">
     <span class='ocr_line' id='line_1_22' title="bbox 377 2202 841 2286; baseline -0.006 -18"><span class='ocrx_word' id='word_1_167' title='bbox 377 2203 420 2286; x_wconf 89' lang='grc' dir='ltr'>&lt;Ι.</span> <span class='ocrx_word' id='word_1_168' title='bbox 444 2206 555 2286; x_wconf 86' lang='lat' dir='ltr'>Caput</span> <span class='ocrx_word' id='word_1_169' title='bbox 577 2202 815 2284; x_wconf 81' lang='lat' dir='ltr'>dolentibus&gt;</span> <span class='ocrx_word' id='word_1_170' title='bbox 838 2222 841 2228; x_wconf 88' lang='lat'>·</span> 
     </span>
    </p>
   </div>
   <div class='ocr_carea' id='block_1_6' title="bbox 89 2308 1151 2481">
    <p class='ocr_par' dir='ltr' id='par_1_6' title="bbox 89 2308 1151 2481">
     <span class='ocr_line' id='line_1_23' title="bbox 182 2308 1151 2393; baseline -0.004 -18"><span class='ocrx_word' id='word_1_171' title='bbox 182 2314 281 2375; x_wconf 86' lang='lat' dir='ltr'>Herba</span> <span class='ocrx_word' id='word_1_172' title='bbox 294 2313 439 2393; x_wconf 80' lang='lat' dir='ltr'>polygonc</span> <span class='ocrx_word' id='word_1_173' title='bbox 458 2321 616 2374; x_wconf 87' lang='lat' dir='ltr'>coronatus</span> <span class='ocrx_word' id='word_1_174' title='bbox 636 2331 724 2392; x_wconf 91' lang='lat' dir='ltr'>quam</span> <span class='ocrx_word' id='word_1_175' title='bbox 744 2314 810 2391; x_wconf 89' lang='lat' dir='ltr'>quis</span> <span class='ocrx_word' id='word_1_176' title='bbox 830 2311 898 2372; x_wconf 91' lang='lat' dir='ltr'>luna</span> <span class='ocrx_word' id='word_1_177' title='bbox 913 2312 1105 2372; x_wconf 76' lang='lat' dir='ltr'>decrescente</span> <span class='ocrx_word' id='word_1_178' title='bbox 1127 2308 1151 2371; x_wconf 87' lang='grc'>4</span> 
     </span>
     <span class='ocr_line' id='line_1_24' title="bbox 89 2399 1105 2481; baseline -0.005 -15"><span class='ocrx_word' id='word_1_179' title='bbox 89 2404 250 2466; x_wconf 88' lang='lat' dir='ltr'>sustulerit</span> <span class='ocrx_word' id='word_1_180' title='bbox 273 2403 375 2463; x_wconf 86' lang='lat' dir='ltr'>dolore</span> <span class='ocrx_word' id='word_1_181' title='bbox 400 2405 503 2481; x_wconf 86' lang='lat' dir='ltr'>capitis</span> <span class='ocrx_word' id='word_1_182' title='bbox 528 2411 617 2463; x_wconf 91' lang='lat' dir='ltr'>caret.</span> <span class='ocrx_word' id='word_1_183' title='bbox 664 2400 802 2462; x_wconf 91' lang='lat' dir='ltr'>similiter</span> <span class='ocrx_word' id='word_1_184' title='bbox 824 2402 914 2462; x_wconf 92' lang='lat' dir='ltr'>etiam</span> <span class='ocrx_word' id='word_1_185' title='bbox 940 2400 1032 2461; x_wconf 88' lang='lat' dir='ltr'>herba</span> <span class='ocrx_word' id='word_1_186' title='bbox 1047 2399 1105 2461; x_wconf 27' lang='lat' dir='ltr'>*illa</span> 
     </span>
    </p>
   </div>
   <div class='ocr_carea' id='block_1_7' title="bbox 49 2554 1116 3617">
    <p class='ocr_par' dir='ltr' id='par_1_7' title="bbox 49 2554 1116 3617">
     <span class='ocr_line' id='line_1_25' title="bbox 49 2554 1105 2628; baseline -0.002 -18"><span class='ocrx_word' id='word_1_187' title='bbox 49 2583 51 2588; x_wconf 95' lang='lat'>·</span> <span class='ocrx_word' id='word_1_188' title='bbox 162 2563 178 2610; x_wconf 79' lang='lat'><strong>2</strong></span> <span class='ocrx_word' id='word_1_189' title='bbox 198 2555 387 2611; x_wconf 56' lang='lat' dir='ltr'>Democritus&amp;</span> <span class='ocrx_word' id='word_1_190' title='bbox 406 2557 441 2624; x_wconf 83' lang='lat' dir='ltr'>cs.</span> <span class='ocrx_word' id='word_1_191' title='bbox 461 2556 539 2610; x_wconf 80' lang='lat' dir='ltr'>Plia.</span> <span class='ocrx_word' id='word_1_192' title='bbox 555 2559 601 2624; x_wconf 77' lang='grc'>23,</span> <span class='ocrx_word' id='word_1_193' title='bbox 616 2559 640 2610; x_wconf 80' lang='lat'>7.</span> <span class='ocrx_word' id='word_1_194' title='bbox 741 2559 757 2608; x_wconf 85' lang='grc'>3</span> <span class='ocrx_word' id='word_1_195' title='bbox 776 2554 870 2609; x_wconf 86' lang='lat' dir='ltr'>caedis</span> <span class='ocrx_word' id='word_1_196' title='bbox 889 2554 1002 2626; x_wconf 85' lang='lat' dir='ltr'>culpae:</span> <span class='ocrx_word' id='word_1_197' title='bbox 1022 2554 1105 2628; x_wconf 74' lang='lat' dir='ltr'>cpdes</span> 
     </span>
     <span class='ocr_line' id='line_1_26' title="bbox 87 2627 1105 2701; baseline 0 -19"><span class='ocrx_word' id='word_1_198' title='bbox 87 2630 112 2683; x_wconf 77' lang='lat' dir='ltr'>dr</span> <span class='ocrx_word' id='word_1_199' title='bbox 132 2628 216 2701; x_wconf 71' lang='lat' dir='ltr'>culpp</span> <span class='ocrx_word' id='word_1_200' title='bbox 235 2628 263 2681; x_wconf 99' lang='grc' dir='ltr'><strong><em>Β</em></strong></span> <span class='ocrx_word' id='word_1_201' title='bbox 281 2629 327 2697; x_wconf 82' lang='lat' dir='ltr'>(ia</span> <span class='ocrx_word' id='word_1_202' title='bbox 344 2645 396 2698; x_wconf 79' lang='lat' dir='ltr'>qao</span> <span class='ocrx_word' id='word_1_203' title='bbox 420 2634 512 2681; x_wconf 82' lang='lat' dir='ltr'>tamea</span> <span class='ocrx_word' id='word_1_204' title='bbox 528 2639 602 2687; x_wconf 69' lang='lat' dir='ltr'>,carr</span> <span class='ocrx_word' id='word_1_205' title='bbox 626 2628 710 2681; x_wconf 82' lang='lat' dir='ltr'>erasit</span> <span class='ocrx_word' id='word_1_206' title='bbox 728 2642 742 2679; x_wconf 92' lang='lat' dir='ltr'>c</span> <span class='ocrx_word' id='word_1_207' title='bbox 761 2633 793 2681; x_wconf 83' lang='lat' dir='ltr'>at</span> <span class='ocrx_word' id='word_1_208' title='bbox 810 2628 861 2694; x_wconf 75' lang='lat' dir='ltr'>piat</span> <span class='ocrx_word' id='word_1_209' title='bbox 884 2627 969 2698; x_wconf 70' lang='lat' dir='ltr'>edes).</span> <span class='ocrx_word' id='word_1_210' title='bbox 998 2633 1044 2682; x_wconf 85' lang='lat' dir='ltr'>cet.</span> <span class='ocrx_word' id='word_1_211' title='bbox 1069 2628 1105 2694; x_wconf 82' lang='lat' dir='ltr'>cf.</span> 
     </span>
     <span class='ocr_line' id='line_1_27' title="bbox 89 2697 1104 2778; baseline -0.003 -24"><span class='ocrx_word' id='word_1_212' title='bbox 89 2701 168 2755; x_wconf 82' lang='lat' dir='ltr'>Plin.</span> <span class='ocrx_word' id='word_1_213' title='bbox 183 2703 230 2769; x_wconf 86' lang='grc'>28,</span> <span class='ocrx_word' id='word_1_214' title='bbox 245 2704 269 2754; x_wconf 83' lang='grc'>7.</span> <span class='ocrx_word' id='word_1_215' title='bbox 285 2703 329 2753; x_wconf 81' lang='grc'>34.</span> <span class='ocrx_word' id='word_1_216' title='bbox 384 2703 400 2751; x_wconf 81' lang='lat'><strong>3</strong></span> <span class='ocrx_word' id='word_1_217' title='bbox 419 2699 591 2751; x_wconf 85' lang='lat' dir='ltr'>menstruae:</span> <span class='ocrx_word' id='word_1_218' title='bbox 610 2699 650 2751; x_wconf 86' lang='lat' dir='ltr'>sic</span> <span class='ocrx_word' id='word_1_219' title='bbox 663 2697 691 2778; x_wconf 89' lang='grc' dir='ltr'><strong><em>Β</em></strong></span> <span class='ocrx_word' id='word_1_220' title='bbox 702 2699 856 2767; x_wconf 83' lang='lat' dir='ltr'>(menstrua</span> <span class='ocrx_word' id='word_1_221' title='bbox 870 2699 961 2767; x_wconf 78' lang='lat' dir='ltr'>Nea).</span> <span class='ocrx_word' id='word_1_222' title='bbox 981 2699 1015 2765; x_wconf 77' lang='lat' dir='ltr'>cf.</span> <span class='ocrx_word' id='word_1_223' title='bbox 1027 2699 1104 2778; x_wconf 70' lang='lat' dir='ltr'>Pap.</span> 
     </span>
     <span class='ocr_line' id='line_1_28' title="bbox 89 2769 1106 2912; baseline -0.004 -17"><span class='ocrx_word' id='word_1_224' title='bbox 89 2772 694 2920; x_wconf 43' lang='lat' dir='ltr'>{interamnaeaar</span> <span class='ocrx_word' id='word_1_225' title='bbox 711 2769 963 2895; x_wconf 54' lang='lat' dir='ltr'>Elaias-b.</span> <span class='ocrx_word' id='word_1_226' title='bbox 1002 2775 1106 2902; x_wconf 74' lang='lat' dir='ltr'>rr:</span> 
     </span>
     <span class='ocr_line' id='line_1_29' title="bbox 88 2909 1105 2980; baseline -0.005 -14"><span class='ocrx_word' id='word_1_227' title='bbox 88 2912 347 2980; x_wconf 72' lang='lat' dir='ltr'>tanszvitenthet</span> <span class='ocrx_word' id='word_1_228' title='bbox 381 2913 441 2979; x_wconf 80' lang='lat' dir='ltr'>ea).</span> <span class='ocrx_word' id='word_1_229' title='bbox 482 2912 712 2978; x_wconf 78' lang='lat' dir='ltr'>Squae...sent10</span> <span class='ocrx_word' id='word_1_230' title='bbox 749 2909 1105 2979; x_wconf 82' lang='lat' dir='ltr'>ea.:qui...sensio(sr&#39;c)B.</span> 
     </span>
     <span class='ocr_line' id='line_1_30' title="bbox 89 2977 1105 3058; baseline -0.006 -22"><span class='ocrx_word' id='word_1_231' title='bbox 89 2983 204 3055; x_wconf 83' lang='lat' dir='ltr'>[Atqui]</span> <span class='ocrx_word' id='word_1_232' title='bbox 219 2998 283 3036; x_wconf 86' lang='lat' dir='ltr'>mea</span> <span class='ocrx_word' id='word_1_233' title='bbox 295 2984 358 3038; x_wconf 83' lang='lat' dir='ltr'>add.</span> <span class='ocrx_word' id='word_1_234' title='bbox 373 2983 444 3037; x_wconf 85' lang='lat' dir='ltr'>Nea.</span> <span class='ocrx_word' id='word_1_235' title='bbox 521 2997 621 3050; x_wconf 87' lang='lat' dir='ltr'>aeque:</span> <span class='ocrx_word' id='word_1_236' title='bbox 642 2983 727 3049; x_wconf 86' lang='lat' dir='ltr'>atque</span> <span class='ocrx_word' id='word_1_237' title='bbox 737 2981 773 3049; x_wconf 90' lang='grc' dir='ltr'>Β,</span> <span class='ocrx_word' id='word_1_238' title='bbox 787 2997 837 3036; x_wconf 86' lang='lat' dir='ltr'>om.</span> <span class='ocrx_word' id='word_1_239' title='bbox 853 2979 925 3037; x_wconf 79' lang='lat' dir='ltr'>Nea.</span> <span class='ocrx_word' id='word_1_240' title='bbox 979 2984 1011 3032; x_wconf 92' lang='lat'>10</span> <span class='ocrx_word' id='word_1_241' title='bbox 1025 2977 1105 3058; x_wconf 75' lang='lat' dir='ltr'>nulla</span> 
     </span>
     <span class='ocr_line' id='line_1_31' title="bbox 92 3050 1106 3122; baseline -0.008 -14"><span class='ocrx_word' id='word_1_242' title='bbox 92 3056 219 3115; x_wconf 78' lang='lat' dir='ltr'>-amatz</span> <span class='ocrx_word' id='word_1_243' title='bbox 238 3060 303 3108; x_wconf 79' lang='lat' dir='ltr'>caat</span> <span class='ocrx_word' id='word_1_244' title='bbox 320 3055 401 3109; x_wconf 85' lang='lat' dir='ltr'>cerba</span> <span class='ocrx_word' id='word_1_245' title='bbox 419 3052 564 3107; x_wconf 77' lang='lat' dir='ltr'>Martialis</span> <span class='ocrx_word' id='word_1_246' title='bbox 581 3070 621 3122; x_wconf 80' lang='lat' dir='ltr'>ep.</span> <span class='ocrx_word' id='word_1_247' title='bbox 637 3057 662 3122; x_wconf 87' lang='lat'>5,</span> <span class='ocrx_word' id='word_1_248' title='bbox 682 3058 718 3107; x_wconf 90' lang='lat'>10</span> <span class='ocrx_word' id='word_1_249' title='bbox 735 3069 760 3106; x_wconf 83' lang='lat' dir='ltr'>a.</span> <span class='ocrx_word' id='word_1_250' title='bbox 775 3055 791 3105; x_wconf 88' lang='lat'><strong><em>1</em></strong></span> <span class='ocrx_word' id='word_1_251' title='bbox 810 3057 835 3106; x_wconf 84' lang='lat' dir='ltr'>et</span> <span class='ocrx_word' id='word_1_252' title='bbox 849 3057 881 3107; x_wconf 86' lang='grc'>’2.</span> <span class='ocrx_word' id='word_1_253' title='bbox 963 3055 996 3103; x_wconf 80' lang='lat'>12</span> <span class='ocrx_word' id='word_1_254' title='bbox 1016 3050 1106 3117; x_wconf 80' lang='lat' dir='ltr'>satyrr</span> 
     </span>
     <span class='ocr_line' id='line_1_32' title="bbox 90 3121 1106 3201; baseline -0.006 -23"><span class='ocrx_word' id='word_1_255' title='bbox 90 3124 227 3178; x_wconf 87' lang='lat' dir='ltr'>disticum</span> <span class='ocrx_word' id='word_1_256' title='bbox 245 3126 314 3192; x_wconf 80' lang='lat' dir='ltr'>(sic)</span> <span class='ocrx_word' id='word_1_257' title='bbox 332 3124 359 3178; x_wconf 91' lang='lat' dir='ltr'><em>B</em></span> <span class='ocrx_word' id='word_1_258' title='bbox 378 3124 445 3193; x_wconf 79' lang='lat' dir='ltr'>(scil.</span> <span class='ocrx_word' id='word_1_259' title='bbox 465 3123 610 3178; x_wconf 81' lang='lat' dir='ltr'>Martialis</span> <span class='ocrx_word' id='word_1_260' title='bbox 632 3124 717 3192; x_wconf 81' lang='lat' dir='ltr'>epipr.</span> <span class='ocrx_word' id='word_1_261' title='bbox 736 3127 767 3188; x_wconf 87' lang='lat'>5,</span> <span class='ocrx_word' id='word_1_262' title='bbox 787 3126 824 3201; x_wconf 56' lang='lat'>1,0</span> <span class='ocrx_word' id='word_1_263' title='bbox 840 3139 865 3176; x_wconf 84' lang='lat' dir='ltr'>a.</span> <span class='ocrx_word' id='word_1_264' title='bbox 880 3126 898 3176; x_wconf 88' lang='lat'><strong><em>9</em></strong></span> <span class='ocrx_word' id='word_1_265' title='bbox 916 3124 977 3175; x_wconf 74' lang='lat' dir='ltr'>et&amp;</span> <span class='ocrx_word' id='word_1_266' title='bbox 999 3121 1106 3173; x_wconf 80' lang='lat' dir='ltr'>inverso</span> 
     </span>
     <span class='ocr_line' id='line_1_33' title="bbox 90 3189 1105 3263; baseline -0.006 -14"><span class='ocrx_word' id='word_1_267' title='bbox 90 3198 137 3250; x_wconf 82' lang='lat' dir='ltr'>hic</span> <span class='ocrx_word' id='word_1_268' title='bbox 150 3197 265 3263; x_wconf 82' lang='lat' dir='ltr'>ordine).</span> <span class='ocrx_word' id='word_1_269' title='bbox 284 3197 319 3260; x_wconf 80' lang='lat' dir='ltr'>cs.</span> <span class='ocrx_word' id='word_1_270' title='bbox 335 3195 369 3249; x_wconf 81' lang='lat' dir='ltr'>A.</span> <span class='ocrx_word' id='word_1_271' title='bbox 385 3194 517 3261; x_wconf 81' lang='lat' dir='ltr'>Meiaelce,</span> <span class='ocrx_word' id='word_1_272' title='bbox 535 3194 610 3248; x_wconf 85' lang='lat' dir='ltr'>Mea.</span> <span class='ocrx_word' id='word_1_273' title='bbox 625 3199 651 3246; x_wconf 86' lang='lat' dir='ltr'>et</span> <span class='ocrx_word' id='word_1_274' title='bbox 664 3192 781 3246; x_wconf 77' lang='lat' dir='ltr'>Plrrlem.</span> <span class='ocrx_word' id='word_1_275' title='bbox 800 3193 847 3246; x_wconf 86' lang='lat' dir='ltr'>rel.</span> <span class='ocrx_word' id='word_1_276' title='bbox 863 3194 938 3244; x_wconf 83' lang='lat'><strong><em>1823</em></strong></span> <span class='ocrx_word' id='word_1_277' title='bbox 948 3207 977 3259; x_wconf 85' lang='lat' dir='ltr'>p.</span> <span class='ocrx_word' id='word_1_278' title='bbox 990 3189 1105 3243; x_wconf 89' lang='lat' dir='ltr'><strong><em>XXXI.</em></strong></span> 
     </span>
     <span class='ocr_line' id='line_1_34' title="bbox 94 3260 1104 3336; baseline -0.005 -17"><span class='ocrx_word' id='word_1_279' title='bbox 94 3273 127 3319; x_wconf 83' lang='lat'>15</span> <span class='ocrx_word' id='word_1_280' title='bbox 146 3283 229 3319; x_wconf 86' lang='lat' dir='ltr'>usum</span> <span class='ocrx_word' id='word_1_281' title='bbox 248 3281 308 3318; x_wconf 88' lang='lat' dir='ltr'>esse</span> <span class='ocrx_word' id='word_1_282' title='bbox 327 3265 530 3336; x_wconf 84' lang='lat' dir='ltr'>[praeceptore]</span> <span class='ocrx_word' id='word_1_283' title='bbox 550 3265 612 3318; x_wconf 85' lang='lat' dir='ltr'>add.</span> <span class='ocrx_word' id='word_1_284' title='bbox 632 3262 704 3316; x_wconf 84' lang='lat' dir='ltr'>Nea.</span> <span class='ocrx_word' id='word_1_285' title='bbox 826 3260 989 3329; x_wconf 79' lang='lat' dir='ltr'>pmiseram:</span> <span class='ocrx_word' id='word_1_286' title='bbox 1011 3262 1050 3314; x_wconf 80' lang='lat' dir='ltr'>sic</span> <span class='ocrx_word' id='word_1_287' title='bbox 1068 3260 1104 3314; x_wconf 94' lang='grc' dir='ltr'>Β.</span> 
     </span>
     <span class='ocr_line' id='line_1_35' title="bbox 95 3329 1116 3400; baseline -0.006 -11"><span class='ocrx_word' id='word_1_288' title='bbox 95 3344 128 3391; x_wconf 84' lang='grc'>16</span> <span class='ocrx_word' id='word_1_289' title='bbox 148 3337 223 3390; x_wconf 90' lang='lat' dir='ltr'>orbis</span> <span class='ocrx_word' id='word_1_290' title='bbox 242 3335 330 3389; x_wconf 80' lang='lat' dir='ltr'>totius</span> <span class='ocrx_word' id='word_1_291' title='bbox 344 3336 384 3391; x_wconf 87' lang='lat' dir='ltr'>B:</span> <span class='ocrx_word' id='word_1_292' title='bbox 404 3336 470 3389; x_wconf 86' lang='lat' dir='ltr'>orbe</span> <span class='ocrx_word' id='word_1_293' title='bbox 484 3338 545 3389; x_wconf 82' lang='lat' dir='ltr'>toto</span> <span class='ocrx_word' id='word_1_294' title='bbox 559 3333 631 3387; x_wconf 83' lang='lat' dir='ltr'>Nea.</span> <span class='ocrx_word' id='word_1_295' title='bbox 688 3336 721 3384; x_wconf 79' lang='lat'>19</span> <span class='ocrx_word' id='word_1_296' title='bbox 740 3329 900 3386; x_wconf 83' lang='lat' dir='ltr'>amiseriae:</span> <span class='ocrx_word' id='word_1_297' title='bbox 919 3330 1116 3400; x_wconf 83' lang='lat' dir='ltr'>sicB(Nea.)..</span> 
     </span>
     <span class='ocr_line' id='line_1_36' title="bbox 91 3401 1104 3474; baseline -0.005 -14"><span class='ocrx_word' id='word_1_298' title='bbox 91 3414 126 3461; x_wconf 74' lang='lat'>21</span> <span class='ocrx_word' id='word_1_299' title='bbox 147 3409 223 3463; x_wconf 76' lang='lat' dir='ltr'>abeat</span> <span class='ocrx_word' id='word_1_300' title='bbox 235 3408 357 3474; x_wconf 79' lang='lat' dir='ltr'>rubrica,</span> <span class='ocrx_word' id='word_1_301' title='bbox 375 3408 436 3463; x_wconf 79' lang='lat' dir='ltr'>licet</span> <span class='ocrx_word' id='word_1_302' title='bbox 449 3409 541 3461; x_wconf 79' lang='lat' dir='ltr'>albam</span> <span class='ocrx_word' id='word_1_303' title='bbox 554 3406 639 3458; x_wconf 76' lang='lat' dir='ltr'>auiae</span> <span class='ocrx_word' id='word_1_304' title='bbox 655 3403 741 3458; x_wconf 74' lang='lat' dir='ltr'>lineae</span> <span class='ocrx_word' id='word_1_305' title='bbox 754 3405 874 3472; x_wconf 70' lang='lat' dir='ltr'>epatium</span> <span class='ocrx_word' id='word_1_306' title='bbox 883 3407 989 3472; x_wconf 65' lang='lat' dir='ltr'>praeta</span> <span class='ocrx_word' id='word_1_307' title='bbox 1001 3403 1034 3455; x_wconf 82' lang='lat' dir='ltr'>ia</span> <span class='ocrx_word' id='word_1_308' title='bbox 1047 3401 1104 3457; x_wconf 82' lang='lat' dir='ltr'>cod.</span> 
     </span>
     <span class='ocr_line' id='line_1_37' title="bbox 92 3471 1106 3617; baseline -0.007 -86"><span class='ocrx_word' id='word_1_309' title='bbox 92 3479 268 3617; x_wconf 62' lang='lat' dir='ltr'>pacfiMprc.</span> <span class='ocrx_word' id='word_1_310' title='bbox 275 3478 419 3617; x_wconf 58' lang='lat' dir='ltr'>p.2)35Baa</span> <span class='ocrx_word' id='word_1_311' title='bbox 429 3476 577 3545; x_wconf 84' lang='lat' dir='ltr'>v.6(etc.1)</span> <span class='ocrx_word' id='word_1_312' title='bbox 587 3490 671 3542; x_wconf 82' lang='lat' dir='ltr'>quam</span> <span class='ocrx_word' id='word_1_313' title='bbox 684 3471 795 3527; x_wconf 86' lang='lat' dir='ltr'>rubiam</span> <span class='ocrx_word' id='word_1_314' title='bbox 804 3474 963 3543; x_wconf 61' lang='lat' dir='ltr'>(Parada)</span> <span class='ocrx_word' id='word_1_315' title='bbox 972 3487 1106 3528; x_wconf 81' lang='lat' dir='ltr'>vacamus</span> 
     </span>
     <span class='ocr_line' id='line_1_38' title="bbox 105 3565 333 3605; baseline -0.013 0"><span class='ocrx_word' id='word_1_316' title='bbox 105 3567 138 3604; x_wconf 81' lang='lat' dir='ltr'>ca</span> <span class='ocrx_word' id='word_1_317' title='bbox 156 3566 207 3605; x_wconf 83' lang='lat' dir='ltr'>coa</span> <span class='ocrx_word' id='word_1_318' title='bbox 220 3565 333 3604; x_wconf 76' lang='lat' dir='ltr'>amora.</span> 
     </span>
    </p>
   </div>
   <div class='ocr_carea' id='block_1_8' title="bbox 0 0 1206 3922">
    <p class='ocr_par' dir='ltr' id='par_1_8' title="bbox 0 0 1206 3922">
     <span class='ocr_line' id='line_1_39' title="bbox 0 0 1206 3922; baseline 0 0"><span class='ocrx_word' id='word_1_319' title='bbox 0 0 1206 3922; x_wconf 95' lang='lat' dir='ltr'> </span> 
     </span>
    </p>
   </div>
  </div>
 </body>
</html>
