2392 3922
128 175 196 241 404
463 173 809 226 Psauno-rasonosr
852 251 857 265 .
882 161 894 180 ⁴

93 341 111 389 4
201 331 416 387 Afronitrum
439 329 638 386 diaforeticnm
656 333 712 400 est,
738 333 768 385 et
788 329 949 400 prurigines
972 328 1098 384 exsiccat
1115 329 1144 382 et

130 416 219 468 curat.

66 534 69 539 .
95 499 111 547 5
202 490 503 560 Auripigmentum
522 488 648 543 calidum
665 490 709 543 est
728 491 757 544 et
782 487 904 557 ustulat,
928 487 1004 542 sicut
1023 505 1067 542 res
1086 487 1148 557 ipsa

130 569 265 625 declarat.
290 568 425 637 quoniam
448 567 473 622 si
496 567 560 636 quis
584 568 677 622 calore
704 567 781 623 facto
811 565 971 621 diutissime
1000 565 1148 635 dimiserit,

132 648 314 704 comburitur.
813 712 816 717 Ι
1173 661 1184 702 5

96 738 112 785 6
202 727 393 782 Artemisia
411 727 548 782 virtutem
566 728 654 782 habet
673 726 797 782 calidam
815 730 845 782 61
859 726 964 780 siccam
977 725 1110 794 nimium,
1121 727 1149 779 et

131 806 242 877 lapides
262 822 361 860 renum
377 809 495 876 purgat,
522 806 547 860 si
570 806 633 874 quis
657 823 792 876 aporema
815 806 941 876 ipsarum
959 805 1104 875 acceperit
1121 804 1151 858 in

131 887 257 958 potione.

99 973 113 1021 7
205 967 301 1035 Aqua
315 966 450 1020 virtutem
468 965 557 1020 habet
570 964 706 1034 frigidam
720 968 749 1020 61
763 967 912 1019 umectam.
923 962 1052 1033 denique
1066 962 1151 1018 febri-

133 1046 289 1101 citantibus
318 1044 492 1100 adiutorium
519 1045 659 1114 optimum
685 1047 742 1114 est,
770 1043 795 1098 si
822 1047 948 1114 tempore
977 1043 1150 1114 competenti
1164 1062 1186 1102 10

133 1126 270 1181 biberint.

99 1211 115 1260 8
205 1206 348 1258 Acetum
366 1203 502 1259 virtutem
519 1205 609 1258 habet
627 1203 826 1273 compositam,
849 1206 878 1258 et
900 1202 1039 1279 frigidum
1062 1206 1107 1257 cst
1124 1205 1154 1257 et

134 1286 267 1353 calidum,
287 1288 317 1339 61
334 1284 426 1353 magis
446 1284 558 1339 obtinet
575 1284 707 1354 frigidior
724 1284 815 1338 virtus
834 1299 920 1351 quam
938 1282 1067 1337 calidior.

99 1373 115 1419 9
205 1364 330 1431 Apium
352 1363 488 1416 virtutem
505 1363 594 1418 habet
617 1363 742 1418 calidam
758 1363 789 1418 in
807 1364 920 1417 tantum
937 1365 970 1415 ut
993 1363 1023 1416 61
1041 1361 1155 1416 urinam

134 1445 163 1496 61
185 1444 330 1495 menstrua
353 1443 495 1509 provocet.
515 1443 546 1496 61
564 1442 767 1497 ventositatem
789 1445 883 1510 curat,
907 1441 982 1495 sicut
1005 1445 1034 1496 et
1059 1458 1155 1496 semen
1168 1459 1190 1500 15

134 1537 232 1589 rpsrus.

83 1606 115 1655 10
206 1599 350 1652 Asarum
376 1598 513 1654 virtutem
539 1601 791 1670 habet'calidam,
824 1601 888 1671 plus
917 1618 1002 1669 quam
1030 1618 1155 1658 acorum.

136 1678 350 1733 constrictiones
369 1679 461 1749 epatis
480 1682 510 1734 61
528 1695 627 1734 renum
646 1681 733 1736 solvit
751 1682 780 1734 61
798 1697 849 1750 per
866 1680 979 1734 urinam
995 1684 1111 1751 purgat.

84 1767 115 1814 11
207 1758 400 1828 Amygdala
427 1775 542 1814 amara
574 1758 670 1814 calida
698 1762 765 1814 sunt
794 1777 910 1830 parum,
943 1762 973 1814 61
1004 1763 1157 1831 extergant

137 1855 248 1893 umores
268 1838 372 1907 spissos
392 1841 422 1894 61
440 1838 563 1894 viscidos
583 1839 675 1909 epatis
694 1842 724 1894 et
740 1840 915 1910 pulmonum.
939 1843 969 1895 61
991 1841 1157 1910 specialiter
1170 1860 1193 1899 16

138 1919 230 1990 epatis
254 1917 468 1974 constrictiones
496 1919 612 1975 solvunt
636 1923 666 1974 et
688 1924 796 1976 curant.
821 1920 932 1975 faciunt
955 1920 1043 1975 etiam
1066 1924 1097 1976 61
1119 1922 1157 1976 ad

141 2001 267 2070 splenem
286 2003 315 2054 61
332 1998 500 2054 intestinum
518 2003 548 2055 61
567 2000 604 2054 ad
622 2016 712 2056 renes.
730 2017 797 2055 nam
811 1999 964 2073 etuarboris
982 2002 1045 2054 1616
1064 2001 1157 2055 virtus

211 2231 319 2302 [Simon
341 2247 362 2286 a
385 2230 562 2300 Mologlonos
589 2233 634 2286 est
661 2229 768 2301 species
792 2228 935 2284 artemisic
959 2246 1013 2286 sec.
1039 2230 1158 2286 Diascc-

138 2301 237 2356 ridem.
257 2303 330 2356 Item
348 2301 399 2355 Th.
418 2301 516 2357 Prisci.
535 2302 609 2356 libro
628 2302 663 2357 de
683 2300 806 2372 simplici
819 2299 960 2355 medicina
978 2301 1158 2371 mologlonos

139 2389 225 2440 quam
244 2368 329 2426 aliter
347 2372 522 2427 artemisiam
539 2375 644 2427 vocant
657 2374 709 2428 etc.
727 2371 913 2443 (portatores
926 2372 1020 2428 111666.
1036 2377 1063 2440 3,
1077 2375 1158 2444 117)]

211 2443 319 2563 §Simon
341 2457 362 2494 6,
387 2441 523 2511 Fetalogo
546 2459 629 2510 grece
656 2443 811 2498 secundum
838 2442 962 2497 Theodo.
992 2442 1091 2498 Prisci.
1123 2445 1159 2498 de

140 2511 212 2578 simp
226 2555 231 2565 .
243 2511 316 2565 med.
331 2514 449 2564 vocatur
463 2512 638 2580 aristologia.
658 2516 688 2567 61
703 2513 808 2568 dicitur
822 2512 988 2581 aristologia
1003 2515 1160 2568 secundum

139 2580 233 2648 ipsum
252 2581 288 2633 ab
309 2578 418 2633 ariston
431 2581 507 2648 quod
526 2585 570 2635 est
588 2583 666 2637 utile.
687 2587 760 2653 quod
774 2586 894 2654 pertinet
911 2586 950 2638 661
963 2584 1058 2640 111666.
1073 2590 1100 2652 3,
1119 2587 1158 2656 4.]

212 2650 362 2719 [Siracos.
386 2650 515 2704 Ferraria
547 2653 639 2707 minor
665 2658 784 2708 vocatur
811 2671 864 2710 sec.
895 2654 988 2708 Diasc.
1008 2658 1042 2725 (1)
1065 2656 1159 2725 agri-

140 2719 261 2773 monia.
282 2719 368 2773 Theo.
382 2719 480 2775 Prisci.
499 2721 576 2776 idem
595 2723 673 2779 dicit.
693 2727 726 2780 de
739 2727 861 2792 ferraria
879 2727 913 2792 61
930 2725 976 2780 Ps.
987 2728 1072 2795 Aput.
1088 2745 1110 2782 6.
1122 2731 1160 2782 72

140 2792 325 2857 1116611433.
348 2790 421 2846 Orto.
436 2809 457 2847 s.
475 2791 623 2865 8111611116]

143 2900 355 2911 —-.--—--—-

214 2965 430 3021 ldiafreticum
450 2968 484 3023 G.
556 2969 715 3039 prorigines
735 2971 846 3025 excicat
866 2973 898 3026 G.
972 2973 1104 3027 4661616
1125 2974 1159 3027 G.

143 3045 159 3093 ὅ
178 3041 212 3106 61.
233 3039 371 3108 χρονίσειε
391 3038 454 3092 Gal.
470 3041 543 3107 XII,
557 3045 623 3096 212.
742 3047 757 3094 7
776 3041 918 3108 apostima
939 3044 965 3097 G
984 3045 1031 3110 (61,
1050 3044 1159 3108 111666.)

143 3126 168 3163 a.
188 3107 360 3176 inpositione
381 3108 414 3162 G.
488 3116 522 3164 10
541 3109 704 3179 conpetenti
722 3110 829 3164 biberit
849 3112 882 3165 G.
957 3119 991 3166 12
1010 3114 1115 3168 Acetus
1135 3115 1161 3169 G

143 3181 200 3247 (sed
217 3179 259 3232 De
278 3180 390 3232 acetum
407 3181 502 3248 1616).
611 3179 788 3248 conpositam
808 3180 841 3235 G.
941 3187 974 3235 14
992 3182 1035 3237 116
1054 3185 1159 3253 apium.

142 3248 232 3317 Apius
254 3249 280 3302 G
298 3247 417 3318 (σέλινον
438 3250 500 3304 Gal.
517 3251 589 3318 XII,
608 3256 684 3314 118).
788 3250 920 3304 hurinam
940 3253 973 3306 G.
1065 3262 1098 3309 17
1119 3257 1161 3310 De

143 3335 234 3373 asaro.
253 3319 359 3373 Asarus
380 3321 414 3374 G.
499 3337 614 3374 acorum
630 3321 707 3385 (Gal.
724 3322 779 3388 XI,
793 3325 850 3375 840
868 3323 903 3388 61.
922 3326 1002 3388 8191·
1021 3323 1104 3391 apius
1126 3328 1159 3381 G.

144 3394 177 3443 18
197 3389 328 3444 hurinam
348 3391 381 3446 G.
474 3397 507 3444 19
526 3391 675 3445 Amicdala
696 3393 729 3448 G.
831 3397 865 3445 20
884 3392 1014 3446 humores
1035 3397 1086 3458 (sic
1104 3399 1163 3462 1616

143 3468 258 3530 semper)
278 3462 312 3517 G.
386 3461 478 3536 epatis
499 3461 533 3517 G.
606 3467 639 3516 21
660 3462 793 3517 66111161
812 3465 892 3516 curat
913 3463 946 3517 G.
1018 3461 1105 3518 Fiunt
1126 3468 1161 3521 G.

144 3537 178 3586 22
198 3533 294 3602 splene
315 3534 348 3588 G.
422 3531 543 3588 arboris:
564 3533 698 3603 aborto(
715 3536 721 3547 ’
730 3538 746 3603 )
767 3533 800 3587 G.
