2392 3922
140 173 217 250 412¹
470 182 817 236 esnone-monem

87 352 122 404 66
213 342 315 400 Galla
332 343 469 397 virtutem
487 340 623 410 frigidam
641 343 671 396 66
689 339 793 395 siccam
811 340 908 396 habet.
931 341 1007 396 unde
1034 343 1069 396 et
1091 341 1152 396 fer·

141 439 239 479 rores
258 422 411 476 faucium
430 424 535 475 curat.

88 511 123 560 66
212 501 385 556 Graminis
404 500 487 555 radix
505 500 685 555 mediocriter
704 499 779 554 sicca
795 502 840 554 est
857 503 887 555 66
904 497 1019 570 frigida.
1040 502 1152 555 undeet

141 583 243 654 plagas
265 581 435 636 recentiores
458 579 630 648 consolidat,
655 579 680 633 si
702 582 787 634 tunsa
809 579 944 648 imposita
967 579 1056 634 fuerit
1081 578 1152 636 v'elul

141 661 325 732 cataplasma.
345 661 442 731 ignem
453 664 564 714 sacrum
575 660 756 715 vehementer
769 659 927 729 infrigidat.
943 670 1081 729 ap'ozema
1091 678 1152 729 quo⁴

141 757 196 811 que
215 741 304 811 ipsius
322 756 404 795 rencs
421 743 534 810 purgat,
553 738 578 793 si
596 738 660 808 quis
678 739 792 796 biberit.
837 768 843 775 ·

88 828 122 878 67
212 821 415 890 Hedysaron
444 820 520 888 quod
551 819 713 889 appellatur
742 819 895 889 pelecinus.
929 820 1014 874 huius
1048 821 1152 876 fruticis

142 914 239 956 semen
257 899 380 955 colorem
398 899 513 968 quidem
531 900 650 955 rubeum
667 899 769 970 habet,
793 916 828 954 ex
850 903 972 970 utraque
990 904 1074 971 parte
1092 918 1152 956 ver<

142 983 258 1036 acutum
276 982 321 1036 est
343 979 580 1049 quemadmodum
598 979 747 1049 bipennes,
766 997 836 1048 quos
856 980 958 1051 Graeci
976 980 1090 1050 peleccs
1109 999 1152 1051 ap

142 1061 260 1131 pellant.
285 1077 413 1114 amarum
431 1075 542 1128 quoque
561 1061 605 1113 est
623 1061 654 1113 et
671 1059 833 1128 stypticum.
857 1076 924 1114 uam
942 1060 982 1114 ad
1000 1061 1152 1116 bibendum

144 1140 290 1195 stomacho
309 1143 408 1210 aptum
425 1143 477 1209 est,
496 1141 526 1194 et
543 1138 683 1193 viscerum
701 1139 915 1194 constrictiones
934 1139 1031 1195 solvit.

90 1227 124 1276 68
214 1220 328 1274 Herba
347 1219 485 1274 senecio
503 1218 639 1273 virtutem
656 1218 775 1273 mixtam
793 1219 896 1288 habet,
919 1222 949 1274 ct
967 1219 1106 1290 frigidam
1124 1220 1152 1274 si·

142 1299 202 1354 mul
221 1303 250 1354 66
267 1299 447 1354 mediocriter
465 1314 576 1353 umores
596 1297 741 1368 dispergit.
765 1301 799 1353 et
820 1297 910 1353 facit
928 1300 971 1353 ad
995 1300 1152 1370 indigna

142 1379 257 1433 tiones
270 1394 464 1447 nervorum,
484 1378 513 1431 si
532 1377 609 1446 quis
623 1394 696 1432 cam
714 1395 786 1433 cum
802 1378 953 1447 axungia
970 1380 1087 1434 veteri
1100 1380 1152 1433 im

141 1457 305 1527 posuerit.

89 1545 123 1594 69
212 1534 378 1605 Hippuris
405 1535 541 1590 virtutem
569 1536 659 1592 habet
685 1537 839 1608 stypticam
866 1555 931 1593 cum
958 1540 1151 1595 amaritudine

141 1616 248 1671 idcirco
272 1615 362 1668 siccat
382 1631 493 1668 umores
518 1615 711 1684 asperitudine
733 1617 835 1687 nimia,
862 1618 982 1673 vulnera
1006 1620 1096 1674 etiam
1118 1637 1152 1675 re<

142 1696 237 1752 centia
255 1697 286 1750 et
302 1693 427 1749 maxima
440 1695 645 1763 cataplasmate
659 1695 736 1751 facto
751 1697 918 1768 consolidat,
938 1698 1027 1753 etiam
1042 1700 1068 1753 si
1081 1716 1152 1755 ners:

142 1776 226 1832 incisi
244 1773 357 1830 fuerint.
378 1776 407 1829 et
424 1773 584 1828 ramicellos
602 1777 692 1844 curat,
707 1778 737 1830 66
754 1776 922 1846 sanguinem
936 1776 1090 1847 iactantes,
1109 1796 1152 1833 ue<

142 1874 200 1912 666
214 1858 243 1910 66
261 1854 367 1908 fluxum
384 1853 551 1909 muliebrem
568 1854 687 1908 rubeum
705 1855 844 1925 continet,
863 1858 893 1910 et
911 1856 1099 1926 dysentericis
1117 1875 1152 1913 re·

216 2110 231 2159 7
251 2105 346 2160 Simon
364 2119 385 2158 6.
403 2102 574 2157 Hedicorion
593 2103 678 2159 Theo.
702 2103 788 2158 Prisc.
812 2103 842 2157 li.
863 2104 897 2158 de
924 2104 1049 2174 simplici
1072 2107 1152 2162 madi·

143 2177 208 2231 cina
240 2173 419 2231 hediscorion
451 2175 527 2243 quod
559 2174 720 2244 appellatur
745 2174 901 2244 pellecinus
933 2176 1018 2230 huius
1051 2178 1152 2232 fructus

143 2264 240 2302 semen
258 2247 381 2302 colorem
399 2245 514 2315 quidem
531 2245 635 2299 ruffum
651 2246 740 2300 habet
758 2262 793 2299 ex
811 2249 930 2314 utraque
944 2250 1027 2315 parte
1043 2252 1152 2303 acutum

143 2322 187 2374 est
201 2318 440 2387 quemadmodum
452 2316 583 2386 bipennis
598 2333 669 2385 quas
683 2316 761 2386 greci
774 2316 897 2386 pelleoas
911 2321 1017 2373 vocant
1030 2336 1152 2374 amarum

142 2406 254 2459 quoque
273 2392 303 2443 et
321 2388 467 2455 stipticum
485 2391 538 2442 etc.

215 2459 323 2529 [Simon
339 2474 360 2512 6.
384 2457 503 2510 Eraclca
518 2501 523 2512 .
541 2502 546 2512 .
562 2502 568 2512 .
584 2458 670 2513 Theo.
689 2459 787 2513 Prisci.
810 2458 840 2515 li.
865 2458 906 2513 de'
922 2458 1047 2528 simplici
1071 2461 1152 2516 medi·

142 2530 207 2583 cina
224 2527 388 2582 Eraclion
405 2525 500 2594 inquit
518 2529 595 2594 quod
614 2528 666 2583 alii
685 2530 854 2584 abrotanum
869 2529 967 2584 dicunt
986 2533 1039 2585 etc.
1055 2534 1152 2600 confert

141 2601 213 2654 idem
231 2600 313 2654 ctiam
330 2597 424 2652 Dicte.
439 2600 464 2665 3,
478 2598 538 2668 26]
902 2610 905 2615 ·

213 2825 289 2906 1116
308 2823 394 2893 galla.
414 2823 515 2880 Gallae
536 2827 569 2884 G.
658 2830 799 2886 afacium
819 2832 851 2887 G.
937 2833 1013 2887 2De
1032 2852 1152 2904 gramen.

141 2896 283 2953 Gramims
304 2895 337 2950 G.
391 2902 413 2964 4ι
429 2896 577 2953 consoldat
598 2900 631 2955 G.
675 2901 801 2971 inposita
822 2902 855 2958 G.
916 2904 1016 2973 tigne
1036 2912 1107 2975 agri
1123 2907 1152 2961 G.

89 2991 93 2999 ·
211 2965 350 3033 infrigdat
370 2966 403 3021 G.
459 2969 585 3037 apotima
606 2971 640 3026 G.
697 2971 1108 3031 1Β61166166666.Ἠ86166666
1123 2978 1152 3032 G.

211 3035 365 3107 pellicenos
386 3037 419 3093 G.
475 3039 571 3096 huiusi
595 3058 663 3095 usus
683 3042 718 3096 G.
771 3040 868 3094 frutici
889 3043 922 3097 G.
978 3046 1152 3101 616666616-

139 3125 195 3176 que
213 3109 324 3176 partem
345 3107 378 3163 G.
470 3109 612 3180 9pelicas
633 3112 667 3166 G.
758 3117 790 3164 11
812 3113 1102 3173 constrictionesolvit
1122 3119 1152 3174 G.

139 3185 173 3234 19
187 3178 229 3232 De
248 3177 373 3233 sinition.
392 3180 469 3235 Erba
483 3181 601 3237 sinition
612 3182 639 3238 G
648 3183 795 3252 (Erigerou
806 3181 877 3249 Gal,
893 3183 1044 3252 Hirigeron
1061 3189 1152 3258 Orsa),

138 3251 177 3304 od
193 3267 218 3304 6.
233 3252 342 3304 13-15
360 3252 395 3319 cs.
411 3251 457 3308 Pa.
472 3253 558 3322 Apol.
572 3271 594 3309 c.
610 3257 653 3308 75.
709 3258 743 3306 14
761 3267 908 3309 nervorem
928 3255 961 3309 G.
1014 3261 1152 3328 acxungis

137 3338 165 3374 v.
184 3319 241 3389 inp.
263 3320 296 3374 G.
389 3328 423 3377 16
441 3323 484 3377 Ι)6
502 3323 637 3406 hipporis.
655 3321 790 3392 Hipparis
811 3321 845 3377 G.
942 3323 1102 3391 istipticam
1123 3331 1151 3385 G

139 3396 174 3445 17
192 3407 302 3445 umores
323 3395 385 3463 (sic)
405 3393 628 3463 asperitudmem
644 3393 763 3448 nimium
782 3392 815 3446 G.
899 3400 933 3450 18
952 3394 1102 3451 consoldat
1123 3401 1152 3455 G

139 3467 172 3514 19
192 3479 284 3516 ramos
303 3464 390 3519 cellos
411 3466 437 3520 G
455 3463 648 3534 (ἐντεροκήλας
663 3464 739 3533 Gal,
757 3462 948 3522 introcellioos
965 3461 1037 3516 Orib.
1054 3469 1108 3534 ed.)
1124 3497 1152 3516 .-.

137 3533 265 3589 ramices.
338 3554 395 3591 non
414 3539 455 3592 et:
473 3537 551 3590 noc&
571 3535 605 3589 G.
678 3539 712 3588 20
736 3532 914 3591 desintericis
935 3533 968 3590 G.
