2392 3922
145 153 198 207 XX

65 389 70 400 ¹
149 318 200 402 33,
222 314 377 404 47-48)
401 319 544 400 indicant,
571 319 734 380 Vindiciani
757 319 832 378 liber
849 319 886 379 lV
909 313 968 402 (rel
990 320 1060 379 libri
1079 316 1155 403 lVP)

147 415 215 488 post
237 407 345 468 librum
369 408 404 468 de
427 410 574 488 positione
598 416 628 468 et
657 411 716 468 situ
738 406 937 467 membrorum
955 407 968 466 l
986 402 1086 489 (cuius
1112 410 1154 469 la-

147 515 229 558 ceras
262 497 401 575 reliquias
433 497 532 557 multis
560 498 591 556 in
624 495 773 556 codicibus
806 489 961 579 habemus)
989 495 1092 555 Galeni
1116 498 1153 577 ll,

145 585 303 646 Alexandri
321 585 361 645 lll
383 588 414 644 in
435 603 495 646 uno
519 586 619 645 codice
643 587 776 662 scriptos.
801 602 874 661 quae
898 586 1001 644 notitia
1025 584 1152 646 dubium

144 682 190 735 est
213 693 271 753 quo
293 676 446 753 pertineat.

232 762 376 823 Prisciani
393 770 510 840 praeter
532 761 639 840 triplex
657 759 836 838 Euporistcn
854 759 900 819 vel
918 769 1152 839 praesentaneae

142 852 306 912 medicinae
330 870 403 931 opus
427 850 549 930 siugulis
572 848 679 908 libellis
702 849 827 930 editum,
849 867 928 910 nnnc
951 868 1043 910 unum
1067 858 1152 911 tene-

143 959 209 1001 mus
236 939 428 1020 Physicorum
454 940 542 1000 breve
575 938 770 1015 fragmentum
795 932 894 1020 (quod
922 938 1010 998 habet
1037 959 1064 1016 p.
1091 934 1153 1001 82d

142 1030 209 1108 Arg.
234 1048 307 1108 quae
331 1029 495 1089 Alexandro
522 1034 597 1087 teste
625 1028 804 1086 conveniunt
827 1045 895 1086 cum
918 1027 1065 1087 Theodori
1088 1027 1152 1087 Μο-

143 1111 312 1202 schionis*)
332 1117 458 1198 capitulo
477 1117 513 1176 de
532 1114 704 1195 epilempsia
727 1115 762 1175 cl.
782 1115 883 1175 Soran.
908 1116 952 1175 ed.
967 1115 1046 1194 Lips.
1064 1114 1152 1179 1882

142 1227 170 1288 p.
197 1201 295 1292 XVII).
332 1209 429 1286 itaque
463 1208 488 1266 si
519 1223 595 1286 „sex
627 1198 743 1263 libros“
774 1207 1014 1265 commemoravit
1046 1205 1152 1265 Simon

141 1297 295 1357 lanuensis
318 1298 349 1355 in
371 1295 552 1374 praelatione
575 1291 712 1352 omnibus
735 1299 814 1372 nota,
838 1312 894 1371 qua
918 1301 1052 1353 auctores
1077 1313 1152 1372 quo-

141 1403 208 1444 rum
221 1387 253 1443 in
271 1383 366 1443 lexico
381 1382 533 1443 condendo
548 1380 696 1441 volumina
714 1380 871 1441 revolverit
888 1384 985 1442 varios
1004 1392 1153 1464 recenset,

140 1491 227 1533 usum
255 1490 323 1531 eum
350 1472 441 1532 luisse
473 1477 554 1551 patet
581 1470 682 1530 codice
711 1469 809 1548 aliquo
842 1489 894 1530 sex
920 1470 1013 1530 libros
1045 1490 1152 1532 nume-

140 1568 239 1640 rante,
272 1579 308 1620 ex
341 1559 448 1639 quibus
481 1566 599 1639 praeter
631 1558 746 1637 singula
780 1558 905 1637 triplicis
939 1561 1037 1638 operis
1071 1562 1152 1638 quod

140 1649 281 1710 habemus
305 1651 369 1709 sine
393 1648 462 1709 libri
484 1648 570 1709 titulo
594 1649 721 1727 capitula
736 1641 829 1730 (velut
848 1667 870 1708 s.
891 1650 1023 1726 agripnia
1036 1648 1153 1727 „Theo-

140 1739 229 1798 dorus
253 1737 422 1798 Priscianus
446 1757 508 1818 cap.
533 1738 569 1798 de
593 1731 782 1821 calculo“**)
806 1744 836 1797 et
858 1755 917 1796 uno
941 1737 1060 1815 quidem
1085 1737 1151 1799 loco

137 1825 192 1907 „de
211 1822 352 1928 gypecia“
366 1820 403 1910 (s
419 1836 547 1888 strumas
563 1861 604 1869 —
620 1827 655 1887 cl
679 1846 700 1886 s.
721 1834 818 1886 acreta
842 1833 872 1886 et
890 1844 913 1886 s.
932 1821 1152 1910 metromania),

139 1916 311 1993 saepissime
335 1918 405 1977 citat
406 1936 443 1977 ur
464 1917 592 1998 „Theod
615 1916 815 1976 Priscianus
808 1934 839 1974 m
861 1914 937 1975 libro
961 1915 997 1974 de
1022 1916 1152 1995 simplici

138 2000 303 2063 medicina“
302 2013 360 2084 ,et
378 2004 425 2066 bis
449 2009 538 2067 etiam
556 2008 607 2087 ,,ιιι
626 2013 676 2066 ant
664 2006 738 2065 tidot
726 2007 801 2065 tario
821 2004 968 2065 Theodori
987 2001 1153 2064 Prisciani“

138 2085 188 2175 (cl.
207 2091 298 2152 Ernst
286 2093 424 2176 Mteyer,
443 2096 547 2156 Gesch.
567 2095 620 2156 der
634 2095 689 2155 Bot
690 2094 759 2156 anlk
777 2093 803 2155 ll
804 2090 915 2177 ,291).
939 2101 1026 2172 atque
1046 2112 1151 2153 eorum

138 2198 212 2260 quae
236 2181 273 2240 de
301 2184 429 2262 simplici
456 2185 603 2246 medicina
631 2185 733 2247 Simon
756 2184 853 2245 attulit
875 2183 1051 2242 verbotenus
1075 2200 1149 2241 non-

137 2267 217 2330 nulla
241 2270 366 2330 ollendis
395 2275 426 2332 in
454 2274 530 2335 libro
549 2275 588 2335 ΠΙ
611 2274 648 2335 de
675 2278 753 2334 virtu
754 2273 835 2333 tibus
862 2274 994 2349 pigment
996 2289 1079 2329 orum
1103 2271 1150 2330 vel

137 2354 296 2419 herbarum
320 2364 547 2422 aromaticarum
571 2362 682 2421 codicis
706 2362 733 2420 S.
757 2360 832 2421 Galli
847 2359 910 2421 762
926 2352 976 2442 (de
1001 2377 1058 2437 quo
1079 2358 1150 2418 olim

137 2447 254 2508 narravi
277 2445 426 2507 Anecd.ll
431 2443 583 2531 ,1,21)
576 2456 672 2508 xtaut
694 2448 853 2507 verisimile
877 2451 916 2508 sit
904 2448 1016 2508 htunc
1040 2447 1150 2507 librum

138 2536 186 2596 lat
166 2536 236 2595 txnis
248 2534 367 2612 quidem
381 2534 541 2595 herbarum
555 2534 725 2595 nominibus
740 2535 848 2594 additis
863 2555 898 2595 ex
914 2534 1023 2594 Gelono
1039 2534 1097 2595 lact
1085 2543 1149 2595 tum

138 2618 190 2709 (de
209 2622 304 2702 simpl.
324 2624 400 2683 med.
417 2623 434 2683 l.
448 2617 499 2706 Vl)
518 2630 656 2702 excerpta
680 2625 831 2682 continere
850 2641 886 2682 ex
906 2640 940 2681 eo
965 2621 1039 2680 libro
1059 2643 1150 2701 quem

139 2713 194 2773 sub
221 2711 369 2771 Theodori
397 2711 542 2770 Prisciani
566 2704 648 2793 (nam
681 2713 723 2770 sic
756 2728 874 2788 semper
901 2707 1011 2786 duplici
1038 2706 1148 2795 utitur)

139 2803 257 2863 nomine
281 2802 341 2859 sive
360 2806 441 2859 recto
461 2801 522 2859 sive
537 2797 610 2858 falso
626 2799 728 2858 Simon
742 2801 773 2858 in
800 2797 899 2857 codice
920 2814 973 2854 suo
992 2799 1148 2861 invenerit.

140 2890 307 2952 antidotarii
336 2894 434 2947 autem
463 2887 541 2965 quod
569 2905 636 2946 cum
664 2887 814 2946 Prisciano
842 2882 914 2942 vidit
942 2884 1043 2945 eadem
1072 2892 1148 2948 ratio

140 3018 351 3030 ...-.-.-—-

229 3096 253 3166 *)
271 3093 433 3147 Theodorus
457 3089 512 3143 iste
531 3089 677 3143 Moschion
695 3105 783 3167 quem·
801 3086 872 3167 citat
890 3086 1050 3142 Alexander
1068 3092 1148 3147 Tral-

140 3167 242 3249 lienus,
263 3164 386 3219 diversus
406 3160 519 3229 quidem
538 3176 556 3212 a
573 3160 719 3213 Theodoro
738 3156 882 3210 Prisciano
901 3156 980 3225 (licet
998 3163 1148 3219 conveniat

140 3237 171 3292 in
188 3210 368 3308 physicorum
379 3230 551 3300 traditione),
571 3229 647 3284 idem
661 3231 755 3282 autem
769 3229 813 3280 est
827 3243 890 3280 cnm
908 3227 1054 3283 Theodoro
1069 3233 1147 3289 Aetii

144 3309 262 3380 (dequo
282 3308 377 3374 Meyer
389 3305 423 3372 Π,
438 3304 507 3372 286).

229 3379 267 3448 ιω)
285 3375 386 3430 habuit
404 3348 491 3457 i’gitur
510 3369 641 3438 codicem,
661 3386 709 3436 qu1
701 3367 848 3420 servaret
862 3367 1018 3436 capitulum
1036 3370 1070 3424 de
1088 3374 1146 3427 cal-

141 3451 213 3521 culo,
228 3449 301 3503 siout
314 3445 539 3511 Barbennianus,
558 3459 622 3495 cum
634 3456 689 3507 quo
704 3454 758 3491 uno
774 3453 808 3491 ex
822 3454 881 3506 cap.
898 3437 932 3491 de
947 3437 1035 3491 oculis
1050 3457 1147 3499 veram

141 3495 291 3576 lectionem
308 3518 458 3588 praebet„
461 3513 597 3571 semiosos
616 3510 769 3566 oculos“s
746 3510 777 3579 (s.
797 3527 822 3562 v.
843 3506 992 3575 semiosis)
