2384 3930
25 350 352 422 coderopr'uerpectat).

25 441 45 476 o
64 423 197 490 captae
220 423 278 476 cod.
298 421 352 474 Di-

25 494 101 547 oioo.
121 494 179 562 epse
196 492 292 547 Iustus
315 493 352 546 ci-

26 565 352 618 tateoriac.176t24.cet.

26 635 173 688 consumo
187 635 245 701 fait
262 634 353 689 Hiero

25 705 103 758 Iusti
122 705 241 771 (Theoti.
256 709 352 772 2,109

25 782 52 829 et
61 777 94 829 ia
103 775 291 831 Acciderat-its
303 793 350 830 oa·

25 847 120 917 r‘ie's)]:

26 1088 29 1092 Ι
727 1024 826 1091 (rubr.)
851 1022 976 1077 Contra
996 1025 1046 1077 di-

48 1092 155 1163 lncipit
173 1093 327 1162 epistula
404 1091 564 1161 Epistola
582 1091 671 1161 Ypo-
726 1092 775 1146 cit
797 1094 954 1147 scutari
976 1095 1045 1149 vis-

86 1163 177 1217 accii
194 1163 287 1218 iusti.
480 1163 597 1218 cratis.
846 1181 930 1219 cera.

62 1255 101 1322 (1)
124 1269 198 1306 nunc
221 1252 252 1306 in
275 1253 349 1307 hanc
412 1253 449 1322 (1)
472 1252 514 1306 De
541 1251 698 1321 conpagine
761 1252 1046 1322 (1)Expositiomem-

23 1323 152 1392 epistula
167 1339 304 1405 exponere
314 1341 349 1378 ex
375 1322 498 1376 hominis
558 1323 697 1391 quomodo
724 1323 839 1377 brorum
864 1342 919 1392 quo
939 1325 1045 1381 ordine.

21 1394 108 1448 libris
132 1411 231 1462 grecrs.
255 1394 286 1448 in
308 1394 349 1449 la-
376 1392 515 1447 formatur
549 1393 581 1447 in
617 1398 697 1448 utero
725 1394 991 1463 velquibusnervis.
999 1397 1046 1451 vel

21 1465 87 1518 tino
127 1481 189 1518 sum
224 1468 348 1520 certatus
376 1466 503 1519 materno
512 1464 559 1519 vel
568 1468 698 1520 cotonea·
725 1465 828 1534 quibus
842 1465 988 1523 iuncturis.
999 1468 1046 1522 vel

22 1535 132 1604 quibus
160 1535 270 1590 ossibus
302 1537 349 1591 vel
376 1537 431 1590 tur.
454 1535 529 1588 hanc
547 1536 699 1606 epistolam
725 1553 780 1605 quo
809 1539 931 1592 scemate
961 1539 1045 1593 homo

21 1606 131 1675 quibus
168 1607 261 1661 nervis
302 1607 348 1662 vel
378 1605 525 1674 disponere
554 1623 589 1661 ex
616 1606 698 1661 libris
725 1607 756 1661 in
775 1610 856 1661 utero
874 1607 1045 1683 <mater>no

20 1676 131 1746 quibus
185 1678 349 1747 conpagini-
376 1676 467 1746 grecis
477 1676 698 1732 inlatinumser-
724 1678 889 1747 plasmatur.
927 1682 956 1733 et
992 1681 1046 1733 hoc

21 1749 88 1802 bus.
108 1747 230 1802 hominis
254 1751 349 1803 conte·
376 1764 495 1802 monem.
511 1748 614 1816 quibus
629 1748 698 1803 ossi·
726 1749 822 1802 demas
833 1751 992 1819 exemplum
999 1767 1045 1803 ae-

20 1819 348 1887 neanturvelquomodo
376 1817 429 1872 bus
448 1818 495 1872 vel
514 1818 617 1886 quibus
636 1836 698 1872 ner·
726 1818 812 1887 cipite
832 1823 981 1875 sumentes.

21 1889 55 1943 in
65 1892 180 1943 uterum
191 1892 350 1945 maternum
376 1888 427 1944 vis.
443 1893 493 1943 aut
507 1889 609 1957 quibus
624 1906 698 1943 com-

21 1963 228 2015 contenenmur
236 1961 283 2015 vel
292 1961 349 2015 fur-
376 1959 528 2029 paginibus
539 1977 639 2030 corpus
646 1960 698 2013 hu-

21 2048 144 2086 mamur.
182 2031 266 2086 huius
297 2049 348 2086 nos
376 2048 492 2084 manum
529 2031 697 2085 continetur.

21 2101 176 2157 anathomi
207 2103 350 2158 racionem
377 2102 517 2170 quomodo
554 2101 584 2154 in
618 2104 698 2155 utero

20 2189 175 2242 exponere.
376 2175 504 2226 materno
551 2172 697 2226 formatur.

377 2243 456 2297 cuius
489 2243 636 2297 anathomi
667 2243 699 2296 id

377 2316 421 2368 est
444 2314 628 2385 compaginis.
654 2332 699 2368 ra-

376 2384 454 2439 tione
478 2402 617 2455 exponere
641 2403 698 2440 non

376 2455 515 2510 morabor.

60 2848 100 2915 (2)
117 2843 193 2898 Olim
207 2861 225 2897 a
237 2843 350 2899 maiori-
413 2848 451 2914 (2)
473 2843 529 2898 fuit
547 2844 615 2898 olim
634 2861 698 2898 con·
762 2846 799 2913 (2)
816 2843 957 2896 maioreus
972 2843 1047 2897 enim

20 2919 80 2972 bus
99 2914 214 2969 nostris.
234 2916 288 2970 hoc
307 2918 351 2969 est
378 2916 498 2969 suetudo
543 2914 697 2970 maioribus
725 2914 823 2969 nostri.
848 2913 960 2982 lypox.
987 2932 1047 2982 yp-

21 2986 171 3058 prioribus
190 2985 221 3039 in
237 2987 350 3041 alexan-
377 2986 482 3040 nostris
496 2985 527 3039 id
541 2989 585 3040 est
598 2985 698 3055 priori-
725 2983 1046 3055 pogratesapollo-

22 3058 92 3113 dria
120 3059 237 3126 agentes
261 3057 350 3112 medi·
377 3057 431 3111 bus
467 3057 498 3111 in
533 3057 698 3111 alexandria
725 3054 1046 3110 uiusvcleeterisana-

23 3130 91 3184 cine
111 3128 200 3196 lupo.
227 3129 350 3198 phylo·
396 3127 569 3198 agentilibus
591 3127 680 3182 medi·
725 3125 1047 3195 thomicisplacuitmor-

22 3200 85 3270 pio
108 3197 272 3268 porfireo.
292 3200 350 3253 he·
377 3199 449 3254 cina.
478 3199 587 3253 scilicet
609 3199 697 3268 lupo.
725 3201 838 3252 tuorum
856 3197 964 3251 viscera
985 3213 1047 3265 per-

23 3288 93 3325 ras.
120 3271 251 3324 stratos
271 3286 350 3340 epo·
376 3269 533 3340 porfirio.
570 3270 697 3324 strado.
726 3268 853 3323 serutari.
886 3270 919 3321 ut
944 3268 1048 3321 scirent

25 3340 139 3395 oritus
166 3340 349 3410 apolonius
376 3343 585 3464 {pocratum
602 3341 698 3409 apol·
726 3339 772 3394 vel
799 3339 938 3408 quomodo
964 3339 1048 3392 mori—

25 3411 153 3466 miccio
181 3411 349 3466 marcello
398 3411 498 3466 onio¹
538 3411 698 3467 michio.
726 3413 831 3464 rentur.
845 3409 927 3463 nobis
941 3409 1047 3463 hoefa-

26 3481 183 3538 etceteris
211 3483 350 3538 anatomi-
376 3481 550 3537 marcello.
579 3486 607 3536 et
626 3485 699 3537 cete·
727 3498 789 3536 cere
803 3482 867 3550 ipsa
884 3480 1047 3534 humanitas

131 3562 247 3630 ΗΠΒ)
483 3563 587 3631 ruff)
848 3561 930 3629 mo)
