2392 3922
89 157 155 223 138
404 159 793 211 rnnooonrrarscmur

88 326 230 405 plasmata
262 343 331 385 vero
365 325 464 384 omnia
501 322 667 383 adhibenda
702 331 771 384 sunt
808 340 882 400 quae
920 321 1109 382 diaforeticis

88 414 223 474 ordinata
246 420 323 474 sunt.
365 412 498 473 febribus
518 430 587 472 vero
606 413 792 490 interpositis
811 410 1009 472 consideratis
1031 417 1109 470 tem-

87 502 210 581 poribus
234 502 424 562 serviendum
447 508 501 561 est.
543 503 688 561 intentius
706 503 806 560 tamen
825 499 1005 560 effusionum
1026 499 1110 559 solli-

86 590 211 651 citudini
236 591 383 671 militabo,
407 593 439 650 in
464 589 572 668 quibus
596 607 684 668 saepe
709 591 798 649 etiam
823 589 977 666 sanguinis
1002 605 1110 666 super-

59 681 233 739 ⁵venientis
256 680 361 740 effusio
385 681 461 739 vitae
484 677 651 757 periculum
673 679 852 756 procuravit.

443 814 547 903 (Pars
571 813 751 901 secunda).

34 920 76 984 39
176 928 345 988 Transactis
362 929 456 989 acutis
471 925 660 1006 passionibus
675 943 750 1005 quae
766 924 821 986 sub
836 931 918 984 certa
929 923 995 1002 lege
1011 925 1110 1002 aegri-

86 1017 224 1078 tudinum
237 1019 425 1096 propriarum
445 1015 542 1094 aliqua
561 1014 694 1076 febribus
709 1012 919 1074 comitantibus
936 1011 1108 1091 publicatae

88 1112 172 1186 sunt,
202 1106 238 1165 ad
266 1105 405 1166 chronica
431 1104 652 1183 descendimus,
681 1102 790 1182 quibus
818 1101 976 1180 aliquando
1006 1101 1109 1161 febres

48 1203 73 1242 10
88 1196 332 1273 supervenientes
348 1192 402 1253 sub
417 1193 504 1271 longo
521 1198 618 1253 tractu
632 1193 804 1270 passionum
818 1189 911 1250 veluti
923 1189 1108 1268 temporales

87 1285 300 1343 commotiones
319 1281 492 1342 assimulant
508 1277 620 1359 <quam
638 1280 747 1340 medici
769 1278 919 1357 epithesiu
940 1276 1109 1356 appellave-

86 1368 186 1448 runt>
220 1373 308 1429 etiam
327 1372 358 1429 in
378 1372 451 1448 ipsis
471 1368 606 1430 ordinem
628 1368 806 1447 dispositum
824 1366 1029 1428 custodientes
1050 1368 1108 1426 ini-

85 1461 161 1517 tium
184 1476 263 1518 nunc
287 1457 330 1528 de
348 1459 454 1535 capitis
478 1456 619 1536 querellis
640 1456 687 1517 vel
710 1455 913 1516 accidentibus
933 1456 1106 1515 sortiemur.

159 1615 173 1661 1
193 1626 216 1662 c.
226 1627 251 1663 v.
272 1608 367 1663 omnia
381 1609 610 1664 diaforeticorum
625 1625 649 1663 a.
662 1627 682 1663 s.
696 1624 750 1676 que
764 1607 805 1661 eis
820 1607 850 1661 in
862 1605 1026 1677 supradicta
1040 1622 1108 1675 pas-

87 1681 164 1734 sione
179 1679 371 1734 ordinavimus
386 1683 401 1735 b
415 1683 456 1749 (et
468 1683 516 1735 nbi
530 1679 722 1749 suprascripta
737 1680 803 1734 Gar.
818 1681 877 1748 ms.)
891 1695 941 1733 om.
956 1695 982 1748 9,
1000 1678 1051 1731 nbi
1067 1680 1109 1732 sic

87 1750 294 1820 cataplasmata
321 1750 496 1821 interpositis
519 1749 704 1806 consideratis
728 1752 748 1804 t.
773 1748 951 1804 serviendum
974 1749 1019 1802 est
1037 1751 1106 1814 etc).

87 1838 160 1890 quae
179 1821 255 1876 diafo
269 1824 279 1892 ll
293 1824 356 1890 (bac
373 1839 457 1892 usqne
475 1823 522 1889 fol.
542 1818 602 1889 30l'‚
621 1823 721 1876 abbinc
739 1822 838 1875 desunt
856 1822 910 1874 duo
928 1820 999 1886 folia
1017 1821 1051 1872 in
1074 1818 1106 1886 V,

86 1895 186 1948 ultima
202 1911 237 1948 se.
257 1896 351 1963 quarti
368 1895 570 1964 quaternionis,
595 1909 628 1947 ac
646 1894 771 1960 deinceps
792 1893 894 1961 intepri
912 1890 1107 1960 quaterniones

88 1967 152 2033 dno,
171 1967 283 2035 quintas
302 1971 327 2020 et
344 1972 443 2020 sentus.
463 1967 533 2020 senti
550 1971 641 2019 tanen
658 1965 716 2018 tria
739 1963 828 2017 adbuc
850 1963 952 2016 ultima
969 1961 1041 2027 folia
1060 1977 1106 2014 aa·

87 2038 186 2091 tabant
206 2036 313 2091 Gelenii
330 2042 460 2106 tenpore,
482 2039 508 2091 si
529 2037 579 2090 boc
600 2037 661 2104 ipso
683 2035 773 2089 codice
795 2034 933 2088 eidebitrn
954 2048 1024 2086 nsua
1041 2047 1105 2086 csse.

87 2109 112 2161 si
125 2124 190 2175 non,
206 2111 237 2162 in
250 2109 341 2162 codice
356 2108 464 2163 Gelenii
480 2109 542 2162 iicet
555 2109 646 2162 eaden
659 2106 722 2172 fere,
735 2107 878 2174 aliquanto
891 2109 982 2157 tantan
995 2103 1106 2156 minora

88 2181 225 2233 interiisse
244 2181 389 2235 dicendum
407 2186 446 2234 est
463 2197 545 2249 quani
563 2180 594 2232 in
617 2179 701 2245 Vin.
719 2177 802 2230 initio
820 2175 1029 2241 chronicorum).
1061 2173 1107 2226 bic

88 2252 160 2303 enim
175 2257 239 2318 post
253 2267 282 2317 p.
297 2254 334 2303 88
348 2253 379 2319 (c.
397 2252 442 2320 13)
461 2269 480 2304 a
497 2251 584 2306 uerbis
602 2264 675 2317 quae
690 2244 889 2328 diaphoretieis
911 2245 1014 2298 transit
1023 2260 1053 2312 p.
1068 2249 1106 2298 89

88 2321 126 2372 ad
144 2337 165 2373 e.
186 2325 222 2374 19
240 2321 273 2373 de
289 2322 462 2390 paralyticis.
531 2325 548 2372 3
566 2317 753 2372 sollieitudim
766 2320 848 2386 (-ne
862 2318 886 2383 b,
906 2321 976 2368 -ne
990 2316 1015 2383 r)
1029 2312 1106 2366 mili-

88 2389 169 2442 tabo:
188 2391 228 2443 sic
245 2391 309 2444 er
325 2389 491 2459 (medicabis
508 2393 544 2460 9).
605 2396 622 2442 4
640 2389 670 2443 in
689 2389 790 2458 quibus
809 2394 869 2443 eto:
889 2385 997 2451 Quibus
1016 2384 1107 2438 etiam

89 2458 113 2511 si
136 2458 283 2528 sanguinis
307 2459 499 2529 supervenerit
521 2459 628 2514 effusio.
655 2459 833 2530 repentinum
860 2457 1022 2525 frequenter
1044 2455 1105 2510 vite

87 2527 244 2597 periculum
262 2530 432 2597 procuravit.
452 2533 475 2585 b.
589 2530 788 2599 bproeurabit
805 2531 833 2583 B
848 2527 937 2598 (-uit
954 2529 1009 2596 ab).
1046 2529 1106 2581 iarn

17 2608 20 2613 ⁴
87 2597 212 2666 Explicit
239 2615 371 2653 oxeorum
399 2601 474 2655 ordo.
500 2599 604 2671 Incipit
632 2602 667 2655 de
695 2601 773 2656 oroni
789 2604 793 2664 Ι
809 2599 853 2654 dis
874 2598 958 2654 ositio
976 2598 1013 2652 Β.
1040 2613 1106 2667 pro·

88 2668 198 2722 curavit
216 2677 318 2723 exeorr'r
341 2671 446 2725 ordine.
464 2675 468 2739 Ι
484 2670 609 2740 Explicit
626 2671 675 2728 lib.
690 2673 723 2727 Π.
742 2671 847 2742 Incipit
873 2671 907 2725 'b
922 2670 969 2724 III.
988 2669 1030 2722 De
1045 2684 1105 2722 ero·

88 2738 166 2794 nicis.
186 2738 341 2810 Dispositio
355 2741 518 2811 (transactis
532 2745 591 2812 etc.)
606 2762 628 2798 r.
649 2744 784 2814 (Explicit
799 2759 871 2797 oxea
885 2743 937 2796 deo
951 2739 1063 2811 gracias
1079 2742 1103 2807 b,

86 2814 136 2866 nbi
153 2828 204 2881 seq.
224 2814 349 2880 capitula
365 2815 449 2867 buius
468 2816 582 2868 alterins
596 2817 699 2884 partis,
717 2817 814 2870 deinde
832 2811 1012 2883 Proposicio).

88 2889 104 2936 6
123 2901 183 2952 cap.
198 2884 394 2938 XIV-XIX
415 2886 478 2939 dedi
499 2901 534 2939 cn
552 2887 628 2940 codd.
647 2887 691 2940 rB
705 2887 826 2953 (enotata
842 2887 889 2939 bic
911 2886 970 2938 illic
992 2883 1107 2937 lectione

87 2957 144 3009 cod.
160 2957 193 3022 b).
267 2954 459 3008 'lTransaotis
478 2958 551 3026 rpb:
571 2955 729 3010 Translatis
743 2957 778 3010 B.
852 2955 905 3008 sub
919 2957 989 3024 rba:
1004 2955 1104 3008 oneB.

88 3032 103 3079 8
123 3026 247 3095 priorum
270 3025 366 3094 alique
387 3026 479 3080 febres
504 3026 609 3097 (alique
634 3026 721 3081 febris
740 3045 767 3094 r,
791 3027 839 3080 nbi
862 3024 989 3078 febribus
1012 3029 1104 3093 corn).

89 3096 291 3151 comitantibus
304 3099 348 3167 rb,
363 3097 540 3166 propriarum
554 3098 651 3166 aliqua
661 3096 813 3166 (aliquibus
824 3097 862 3164 B)
877 3095 1003 3168 febribus
1018 3095 1106 3149 comi-

87 3168 216 3221 tentibus
233 3169 290 3239 913.
385 3174 401 3222 9
421 3169 533 3222 cronica
551 3171 668 3239 B(-ca
686 3187 711 3239 9,
732 3183 813 3220 -oas
833 3169 870 3235 rt:
891 3166 987 3219 cronia
1006 3168 1029 3222 b.

89 3237 284 3293 descendimus
302 3241 373 3310 rpb:
394 3240 527 3293 -demus
546 3241 581 3295 B.
696 3244 729 3292 10
747 3236 1044 3291 veluti-assimulant
1061 3239 1104 3294 B:

87 3308 178 3362 veluti
197 3310 337 3380 epytisma
356 3310 570 3381 appellaverunt
589 3313 612 3379 b,
632 3308 721 3364 veluti
739 3311 879 3376 tempores
898 3311 1104 3363 commociones

88 3379 257 3435 assimulant
275 3399 344 3450 quas
363 3381 466 3436 medici
484 3381 607 3451 epytisin
626 3398 662 3452 ap
679 3384 682 3450 Ι
698 3378 876 3451 pellaverrmt
889 3397 912 3433 r.
1006 3385 1037 3433 12
1058 3381 1105 3434 vel

87 3451 136 3505 rb:
156 3454 275 3524 onin.
338 3459 370 3506 13
384 3452 590 3521 initiuma(de
604 3454 641 3521 B)
656 3469 678 3507 c.
694 3449 931 3520 q....sortiemur
945 3451 1009 3520 Bp:
1028 3469 1104 3505 nunc

88 3519 122 3572 de
137 3537 159 3574 o.
175 3539 200 3589 q.
214 3567 218 3576 .
232 3566 254 3577 ..
271 3523 430 3577 ordinemus
441 3525 456 3577 b
466 3527 550 3592 (nuno
565 3523 667 3592 eapitis
682 3520 813 3591 querellis
827 3540 852 3576 v.
869 3537 893 3574 a.
910 3521 1060 3574 sortiemur
1069 3525 1105 3591 r).
