2392 3922
420 790 584 863 Theodori
609 791 777 863 Prisciani

520 973 672 1042 Physica.

181 1108 332 1170 Scribenti
363 1109 439 1170 mihi
470 1108 506 1170 de
536 1109 628 1190 lysica
661 1111 798 1190 scientia,
831 1127 889 1188 qua
920 1116 950 1168 te
978 1104 1137 1179 maximeI

90 1196 237 1258 delectari
259 1196 412 1280 intellego,
440 1198 576 1259 sufficere
605 1197 735 1258 arbitror
761 1197 797 1258 ad
821 1195 1107 1258 commendationem

91 1288 194 1366 operis
217 1284 373 1347 Menandri
400 1289 506 1348 comici
528 1287 646 1366 insigne
670 1293 885 1365 argumentum.
926 1286 1004 1365 apud
1027 1288 1107 1348 cives
1135 1299 1153 1341 s

10 1436 12 1445 ,
90 1392 162 1436 cnm
186 1374 354 1436 studiorum
387 1372 472 1436 aimis
494 1392 618 1454 magnae
647 1377 788 1436 scientiae
819 1374 967 1437 laboraret
988 1374 1107 1457 invidia,

10 1508 12 1523 .
89 1463 273 1545 produxisse
301 1465 333 1524 in
360 1462 509 1525 theatrum
536 1464 632 1551 fertur
660 1482 745 1524 suem
771 1470 858 1544 partu
889 1464 1023 1546 plenam,
1050 1465 1107 1525 hoc

90 1554 174 1613 enim
202 1554 233 1612 in
257 1551 322 1617 loco
350 1551 578 1614 celeberrimum
605 1553 787 1613 atheniensis
815 1553 1000 1631 eloquentiae
1024 1553 1107 1615 audi-

88 1643 203 1702 torium
223 1647 296 1722 erat,
313 1641 490 1720 produxisse
514 1643 634 1720 inquam
658 1641 898 1720 exspectantibus
921 1641 1106 1702 auditoribus

88 1728 213 1811 plenam
245 1747 330 1790 suem
361 1729 463 1809 ibique
499 1731 564 1791 eius
597 1736 748 1791 exsectum
779 1738 900 1791 uterum
932 1732 963 1790 in
994 1728 1106 1808 Euripo
1122 1744 1152 1784 1⁰

307 1818 408 1879 fuisse.
438 1836 565 1897 cumque
587 1819 739 1879 interfecti
764 1836 859 1898 paene
887 1818 976 1878 doctu
1006 1824 1107 1878 tamen

87 1913 215 1968 naturae
235 1914 403 1989 agerentur,
416 1907 612 1968 Athenienses
627 1908 725 1986 inquit
738 1909 804 1988 viri,
823 1909 849 1967 si
863 1908 894 1966 in
907 1907 1006 1986 parvis
1021 1908 1106 1966 annis

91 1997 250 2056 scientiam
269 2013 366 2055 meam
388 1997 548 2077 miramini,
570 1997 644 2056 istos
667 2002 769 2055 natare
793 1996 861 2074 quis
884 1990 1007 2054 docuit?
1098 1994 1102 2001 '

181 2083 252 2145 hinc
281 2084 435 2145 advertere
459 2084 560 2165 datur,
590 2083 722 2145 Eusebi
747 2082 921 2143 dulcissime
948 2082 1141 2143 filiolorumss

89 2190 239 2253 meorum,
262 2178 377 2251 gratum
400 2173 475 2233 mihi
498 2175 709 2234 testimonium.
750 2170 817 2251 plus
839 2173 919 2231 enim
938 2173 969 2231 in
991 2178 1021 2232 tc
1041 2190 1105 2232 amo
1121 2187 1150 2228 rs

89 2260 204 2321 laboris
230 2262 291 2321 mei
319 2279 425 2341 operae
452 2264 581 2341 pretinm
610 2269 641 2321 et
662 2260 742 2340 quod
765 2268 798 2321 tu
824 2259 899 2320 mihi
925 2277 1004 2342 nunc
1033 2263 1106 2322 seri-

86 2348 177 2410 benti
204 2351 366 2428 contigeris
389 2350 514 2410 auditor.
565 2350 627 2410 dini
655 2350 741 2410 datur
764 2348 931 2430 advertere,
964 2358 1106 2428 quantum

91 2445 245 2498 naturae
268 2441 312 2498 vis
340 2446 438 2518 pateat
465 2441 497 2498 in
526 2438 664 2499 omnibus
692 2438 847 2499 elementis
875 2457 1037 2519 eorumque
1061 2458 1107 2500 se-

166 2631 178 2680 1
205 2625 303 2681 Hacine
325 2625 391 2681 libri
412 2627 596 2697 fropmentnns
618 2642 670 2696 qno
692 2644 748 2682 nno
770 2632 846 2682 catat
868 2628 958 2684 codice
980 2628 1106 2684 Bennett.

90 2713 112 2751 e.
129 2696 198 2751 XII
212 2697 278 2765 (B),
299 2697 349 2752 loc
371 2699 411 2752 aie
433 2699 594 2753 inscribitur
615 2697 718 2768 Incipit
740 2698 774 2752 da
797 2696 883 2752 fiaieis
901 2698 939 2752 ad
965 2699 1107 2753 octavium

26 2820 32 2830 ,
90 2765 239 2821 eusebium
261 2765 351 2822 filium
374 2767 443 2823 eius.
479 2769 631 2824 Eieeebinm
656 2772 714 2839 ipae
742 2770 808 2824 libri
834 2774 924 2824 textus
951 2775 1108 2836 attentatur,

92 2838 237 2893 Octocrinne
250 2840 363 2906 finxisse
374 2841 483 2895 videtur
495 2840 627 2895 librarios
638 2847 753 2910 propter
760 2839 902 2895 Octauium
908 2839 1109 2906 Horatiannne,

90 2926 169 2979 quem
183 2911 305 2979 putabat
323 2911 389 2966 libri
406 2916 523 2980 patrem.
546 2913 586 2967 aie
607 2914 689 2966 etiam
711 2911 902 2982 ppnneeiornn
925 2911 992 2963 tiber
1009 2910 1052 2963 II.
1071 2911 1107 2964 ab

91 2980 148 3035 alio
167 2982 285 3049 quodam
303 2982 417 3036 additus
434 2982 472 3036 od
488 2981 631 3038 Octavium
649 2983 787 3037 ambitio.
817 2996 865 3050 epo
882 2982 973 3049 ipsum
990 2980 1107 3034 codicem

89 3053 206 3106 annum
225 3052 304 3117 (licet
325 3054 443 3107 incertae
464 3053 531 3120 fidei
552 3055 653 3114 uatem)
681 3067 777 3121 sepner
799 3051 946 3118 (collatum
964 3053 1107 3117 a.1876),

91 3123 208 3190 expulsa
221 3122 378 3177 Hennenni
395 3124 429 3178 de
441 3123 560 3180 Nnenar
577 3123 761 3177 abundatione
774 3121 935 3176 arbitraria.
1033 3124 1050 3171 4
1068 3119 1107 3173 ad

95 3207 195 3247 comm.
215 3192 307 3263 operis
325 3211 375 3250 om.
394 3193 466 3249 Neu.
531 3190 640 3246 coires
659 3193 735 3262 [suos
753 3190 818 3245 add.
837 3190 930 3315 Νοαὲ.
995 3194 1029 3243 10
1043 3196 1107 3260 poet

92 3263 190 3334 euripo
219 3266 311 3319 album
334 3266 366 3319 in
390 3266 447 3320 cod.
472 3266 501 3333 (i.
525 3280 545 3318 e.
569 3261 656 3316 fuisse
683 3260 839 3332 proiectum
863 3261 900 3315 ad
921 3303 926 3314 .
945 3258 1032 3315 Nece:
1059 3260 1107 3315 ae'd

94 3335 180 3390 multo
194 3335 282 3404 plina
299 3337 476 3405 ceciderunt).
533 3339 564 3387 11
582 3332 667 3387 doctu
681 3333 721 3388 B:
741 3332 827 3386 ductu
841 3330 913 3386 Nen.
929 3337 1009 3399 (reete
1022 3332 1106 3399 fort).

83 3411 130 3473 ,14
147 3403 270 3460 filiorum
287 3406 358 3462 Neo.
415 3412 448 3462 tc
466 3405 534 3459 Plus
552 3406 592 3460 B:
611 3404 702 3459 Valde
721 3403 792 3459 Nen.
858 3407 891 3456 16
910 3418 992 3472 opere
1012 3405 1109 3473 ('-raa

94 3474 177 3545 Neo.)
196 3476 320 3546 precium
339 3478 374 3533 B.
