2392 3922
137 198 203 263 468
544 198 752 250 vrunrcmrr

139 357 248 411 fistulas
276 354 340 424 plus
368 354 500 408 habendo
528 355 603 409 unde
630 354 792 409 intellectus
815 353 898 409 nobis
928 354 1056 422 advenit,
1085 354 1160 408 visus

139 436 253 491 auditus
274 435 409 488 odoratur
429 436 458 489 ct
476 437 584 504 gustus.
603 436 667 488 tota
686 434 762 489 enim
779 450 851 504 pene
869 451 962 488 vacua
982 437 1057 502 sunt,
1077 451 1159 487 vacu-

138 518 230 570 etates
254 514 369 568 cerebro
397 513 555 583 replentur,
585 515 663 582 quod
690 514 850 584 protegitur
878 514 1053 568 membrano.
1083 515 1160 568 cuius

139 593 296 649 membrani
314 594 425 648 radices
440 612 474 649 ex
489 594 578 664 ipsius
597 595 707 650 cerebri
721 612 821 664 corpus
835 594 994 664 incipiunt..
1015 595 1161 649 cerebrum

110 688 123 728 5
139 679 235 730 autem
254 693 364 746 semper
383 675 428 729 sui
446 692 624 731 commovens
644 692 765 744 sensum,
784 674 905 743 ideoque
925 674 1012 728 salire
1030 692 1088 728 nou
1103 691 1160 728 ces·

139 760 191 810 sat.
217 756 296 810 cuius
320 760 413 810 motus
438 755 462 810 si
485 755 609 810 crebrior
631 755 726 824 fuerit,
755 754 897 809 insaniem
925 754 999 808 solet
1027 755 1159 808 excitare.

139 837 213 890 unde
234 836 353 890 dicimus
373 853 420 891 eos
440 836 586 890 cerebrum
603 835 709 890 habere
728 837 844 889 motum.

495 977 555 1032 IIII.
582 977 629 1030 De
648 975 799 1046 capillis.

211 1067 316 1137 Capilli
342 1066 432 1121 nostri
459 1083 516 1120 non
547 1065 639 1119 solum
665 1067 781 1134 propter
813 1066 957 1132 ornatum,
992 1059 1042 1118 sed
1076 1063 1162 1117 etiam

100 1159 125 1198 rc
140 1150 256 1218 propter
274 1146 460 1200 munitionem
479 1144 587 1200 cerebri
604 1144 675 1199 facti
695 1146 768 1199 sunt.
787 1144 854 1199 huic
872 1142 998 1198 calvarie
1013 1143 1162 1198 subiacent

140 1230 277 1296 tempora.
297 1243 352 1294 que
372 1225 551 1280 continentur
569 1224 747 1294 spiritalibus
766 1224 846 1279 venis
865 1223 982 1279 cerebri.
1003 1224 1105 1277 dextra
1122 1223 1179 1362 le]

140 1322 232 1373 raquo
252 1321 361 1375 semper
379 1308 534 1360 moventur.
554 1304 655 1372 bisque
675 1304 853 1374 superposita
872 1305 939 1357 sunt
958 1302 1034 1358 cilia.

528 1446 561 1500 V.
581 1446 630 1500 De
650 1445 770 1500 oculis.

210 1532 333 1584 Rursum
358 1549 391 1585 ex
415 1534 514 1587 eodem
537 1535 646 1588 cerebri
669 1535 833 1589 membrano
862 1535 942 1588 velut
969 1534 1065 1589 fistule
1091 1535 1162 1588 duae

101 1621 126 1661 15
140 1610 309 1664 transversis
324 1611 455 1681 partibus
470 1613 687 1668 commiscentur
701 1614 740 1667 ad
755 1613 852 1668 sedem
865 1612 1013 1682 luminum,
1032 1612 1084 1667 ubi
1098 1630 1163 1666 con-

88 1739 96 1747 .
141 1691 296 1761 iunguntur
321 1691 397 1745 oculi
420 1691 469 1760 qui
492 1692 674 1748 continentur
697 1710 760 1747 oum
784 1694 875 1747 domo.
905 1709 940 1746 ex
962 1709 1031 1747 vase
1055 1693 1163 1763 cerebri

140 1773 194 1826 hoc
214 1775 279 1826 sunt
302 1771 409 1826 ventris
429 1771 546 1827 cerbelli
565 1774 621 1827 duo
637 1772 776 1827 foramina
794 1772 931 1840 oriuntur,
955 1787 1007 1841 per
1022 1790 1093 1840 quas
1108 1772 1163 1826 sin-

141 1853 207 1922 gule
226 1852 337 1906 radices
357 1851 522 1907 tenuissime
539 1869 612 1922 pene
632 1853 667 1907 de
680 1856 762 1922 parte
778 1853 877 1907 dextra
896 1851 927 1905 in
946 1851 1064 1906 sinistra
1083 1853 1163 1907 etde

142 1933 257 1987 sinistra
276 1933 307 1986 in
327 1934 427 1987 dextra
445 1933 527 1987 bulbi
547 1933 692 1987 oculorum
705 1932 893 1987 continentur.
913 1949 1035 1999 quorum
1053 1933 1162 1986 radices

101 2019 127 2059 20
142 2013 172 2066 in
196 2013 310 2068 cerebro
340 2013 532 2083 configantur,
560 2016 593 2067 ut
617 2012 642 2066 si
665 2013 779 2067 cereber
804 2014 925 2066 vexatur
948 2011 1024 2065 oculi
1051 2014 1162 2082 egrota-

141 2094 220 2148 bunt.
240 2093 348 2148 habent
362 2097 457 2147 autem
475 2093 506 2146 in
524 2110 587 2148 osso
601 2093 664 2162 ipso
679 2109 802 2147 concavo
821 2092 872 2145 ubi
890 2094 1036 2161 ponuntur
1054 2091 1162 2146 fistolas

141 2176 198 2227 tres
221 2176 376 2242 pcgerante
400 2177 429 2228 et
451 2173 646 2242 rizoptalmon.
676 2176 741 2227 sunt
765 2175 861 2226 autem
884 2171 915 2224 in
934 2170 1024 2225 oculis
1043 2189 1161 2242 mappas

142 2252 188 2306 vel
207 2253 317 2306 tonicae
341 2256 474 2322 quatuor,
499 2254 575 2322 quod
593 2252 670 2322 greci
689 2253 818 2307 chitonas
842 2253 954 2306 vocant.
978 2251 1072 2320 prima
1091 2252 1161 2305 cira-

142 2330 229 2384 toidis
249 2334 278 2384 et
297 2331 485 2386 cristalloides
506 2336 535 2386 et
553 2332 701 2401 mercides,
722 2331 845 2386 secunda
864 2330 1048 2400 aragnoides,
1076 2332 1161 2386 tertia

102 2417 128 2457 25
142 2409 271 2463 haloides
290 2410 336 2463 vel
355 2411 492 2480 fagoides,
513 2416 615 2480 quarta
629 2412 782 2466 metroides
796 2411 842 2465 vel
857 2410 998 2478 trizepies.
1018 2411 1049 2463 hi
1063 2410 1160 2464 multis

213 2577 406 2631 3mimbrano
421 2579 452 2632 P
527 2580 715 2635 4mimbrani
729 2582 760 2636 P.
835 2579 967 2634 bsallire
982 2580 1014 2634 P
1072 2587 1160 2633 6cre-

142 2647 218 2700 brier
237 2648 274 2702 P:
295 2648 404 2717 erepior
428 2650 458 2716 U,
479 2650 588 2719 crepius
610 2652 642 2706 G.
743 2651 810 2705 solit
829 2652 862 2706 P.
964 2653 1103 2704 tornata
1128 2651 1157 2717 U,

143 2721 223 2771 —tus
245 2719 278 2772 G.
353 2726 387 2772 10
405 2719 492 2773 huhie
516 2722 547 2777 U.
622 2728 694 2790 11q
675 2741 729 2795 que
751 2723 784 2777 G.
859 2724 1046 2776 contenentur
1065 2722 1097 2775 P

145 2797 177 2843 12
196 2789 240 2843 his
260 2806 314 2858 que
339 2791 370 2845 U:
390 2790 437 2843 hic
456 2791 505 2858 qui
524 2793 558 2860 P,
577 2793 622 2846 his
642 2793 744 2862 quibus
766 2793 799 2847 G.
863 2798 897 2846 14
915 2793 1022 2846 Rursus
1047 2793 1106 2848 UG.

143 2861 323 2916 membraG
414 2837 563 2935 fistuleG.
642 2812 726 2918 qduce
746 2865 779 2932 P,
795 2865 854 2945 due
878 2864 937 2918 UG.
1042 2869 1076 2916 15
1095 2879 1158 2916 con-

142 2933 296 2987 miscentur
315 2934 347 2987 P.
418 2940 455 3007 16
475 2921 661 2989 conterentur
679 2936 716 2990 P.
739 2935 948 3004 coniunguntur
967 2938 996 2988 et
1014 2934 1159 2988 continen-

142 3006 190 3057 tur
213 3005 277 3059 UG.
356 3022 420 3058 cum
439 3007 540 3086 (eaml)
559 3007 642 3060 domo
661 3007 699 3062 P.
719 3023 783 3059 eum
803 3006 887 3060 dumo
911 3004 976 3060 UG.
1051 3011 1084 3059 17
1105 3004 1159 3058 sin-

143 3074 204 3144 guli
228 3075 292 3131 UG.
349 3082 383 3130 18
401 3076 571 3131 tenuisscme
591 3078 623 3131 P
697 3076 818 3131 sinestra
837 3077 869 3131 P.
930 3081 964 3128 19
984 3078 1112 3129 senestra
1126 3076 1157 3129 P.

198 3147 315 3200 dextera
333 3149 403 3216 (bic)
425 3148 456 3200 P.
532 3147 665 3201 radulhi
689 3148 720 3202 U.
794 3149 981 3201 contenentur
1000 3147 1033 3201 P.
1092 3163 1159 3214 quo-

142 3234 205 3269 rum
228 3218 295 3272 UG
316 3233 412 3271 eorum
431 3218 463 3272 P.
536 3225 571 3273 20
590 3219 762 3288 colligantur
777 3219 810 3273 G
866 3224 899 3272 22
918 3217 1108 3285 rizoptalmon
1122 3218 1159 3270 P:

142 3286 315 3355 izoptalmon
335 3289 393 3357 U,'
385 3292 460 3359 rropt
448 3288 557 3344 talmon
573 3290 606 3345 G
657 3237 775 3343 goculos
791 3290 856 3344 PU.
931 3293 964 3340 23
984 3291 1108 3354 quatuor
1122 3289 1158 3342 P:

142 3357 203 3409 ΙΠΙ.
228 3358 291 3412 UG.
374 3360 503 3414 chitonas
528 3362 559 3416 U
645 3359 791 3415 ciratoidis
815 3360 883 3415 UG·
904 3356 1032 3411 cistoidis
1053 3359 1086 3414 P.

143 3431 177 3479 24
197 3427 330 3484 cristallo
351 3429 434 3482 id·
415 3431 494 3500 (id
513 3434 557 3485 est
580 3433 618 3500 U)
637 3431 661 3484 11
678 3430 816 3485 mercides
837 3430 907 3495 PU,
931 3426 1160 3484 cristalloidet
1132 3434 1160 3484 et

142 3498 295 3562 merorides
316 3501 349 3554 G.
406 3479 520 3570 aragno.
540 3501 571 3554 id
590 3504 633 3554 cst
651 3503 684 3558 P.
734 3498 823 3554 tercia
844 3498 876 3552 G.
933 3499 966 3546 25
985 3495 1109 3554 faloides
1126 3503 1159 3557 G.

142 3568 293 3622 mettoides
316 3570 348 3624 G.
421 3571 552 3639 trisepics
575 3571 604 3625 U
607 3571 639 3624 G.
