2392 3922
140 160 207 224 442
546 155 751 209 vmmclm

177 322 232 386 (13)
260 315 441 371 coniunctum
465 316 510 368 est
531 313 650 368 vesica
713 315 769 383 (13)
799 313 829 368 lo
870 315 937 370 soni
964 333 1033 373 vero
1064 318 1161 376 iuncto

138 389 227 442 hehet
262 386 358 441 vesica
395 385 499 439 collum
532 385 650 454 longum
677 386 721 438 est
733 384 845 440 vessica
874 387 963 442 cbens
978 389 1087 445 collum
1099 409 1161 447 con-

139 460 236 512 iuncta
257 458 367 511 deretro
387 455 447 510 illic
466 455 565 510 iuncta
583 457 650 510 sunt
676 454 805 509 iunctum
840 460 960 514 veretro.
1000 462 1161 518 continetur

138 527 278 583 foramina
310 526 478 581 tenuissime
514 529 544 581 et
576 541 649 581 vene
677 527 773 580 autem
786 529 898 582 vessica
906 528 983 585 inter
994 531 1066 586 dnos
1081 551 1159 590 renes

139 600 176 653 ab
200 598 292 668 ispine
316 597 449 652 medullis
468 597 648 652 venientibus
675 597 849 654 recumbens.
881 615 963 655 renes
993 605 1093 658 nutem
1119 623 1160 660 rc·

137 670 168 722 in
186 669 313 724 testiculi
332 685 427 723 semen
447 667 649 722 administrant
676 667 841 723 cumbentes
852 672 967 726 suntad
976 672 1158 731 hiliadextrc

138 742 215 808 quod
242 739 320 810 greci
348 739 533 809 spermaticus
561 756 647 808 purus
675 738 804 807 levaque.
828 741 909 797 nervi
933 747 1001 798 sunt
1023 762 1093 802 vero
1112 748 1157 817 qui

137 814 249 866 vocent.
273 810 344 865 haec
368 814 412 865 est
435 809 550 864 seminis
572 810 647 864 fors·
675 809 802 864 testiculi
813 812 968 870 continent.
984 817 1064 883 quod
1077 835 1156 887 grece

137 882 215 935 mina
234 885 322 937 testes
337 885 433 936 autem
449 881 562 935 iunctae
582 883 648 936 sunt
674 884 811 937 masteres
853 888 966 940 vocent.
1012 889 1042 942 et
1083 891 1156 959 greci

138 957 167 1008 et
185 953 279 1008 nervis
298 953 344 1008 vel
367 953 447 1008 venis
466 950 646 1022 genuissimis
674 954 775 1006 nesten
798 953 904 1010 dicunt.
932 957 987 1010 sub
1010 957 1067 1014 hoc
1085 960 1156 1015 enim

136 1024 237 1079 inserti
256 1027 329 1079 sunt.
674 1026 718 1078 est
731 1022 908 1082 intestinum.
923 1025 983 1082 illis
996 1045 1065 1084 vero
1079 1031 1155 1086 testi-

674 1092 746 1148 culis
760 1094 911 1170 subiuncte
926 1101 995 1153 sunt
1008 1102 1153 1159 foramina.

672 1181 724 1234 per
737 1183 823 1234 quam
836 1167 1006 1225 tenuissime
1020 1188 1101 1229 vene.
1120 1174 1152 1228 sb

673 1235 754 1305 spine
766 1238 907 1294 medullas
922 1257 1021 1296 semen
1037 1244 1153 1298 admini-

673 1309 773 1363 strent.
793 1309 870 1377 quod
883 1311 962 1380 greci
980 1315 1153 1383 permeticon

673 1380 783 1434 vocent.

170 1583 559 1667 (14)epeudismemonarcus
570 1587 643 1657 espi-
708 1591 754 1659 (cs.
773 1593 830 1647 cod.
851 1592 878 1648 S.
895 1594 970 1650 Gall.
985 1601 1023 1651 44
1037 1603 1150 1668 p.213).

132 1658 230 1711 nectus
255 1655 410 1710 dsctuleus.
435 1674 459 1710 s1
482 1675 546 1725 quis
564 1659 643 1727 greci

134 1731 163 1783 et
195 1726 318 1782 cautoris
350 1727 448 1781 multis
480 1728 642 1783 nominibus

135 1817 233 1853 snum
264 1801 436 1854 vocaverunt
464 1799 642 1868 speudisme·

133 1888 190 1925 non
209 1870 332 1925 entelem
352 1870 490 1926 dixerunt.
518 1873 547 1924 et
565 1872 642 1939 quod

134 1945 227 1997 eustes
245 1942 322 2012 greci
340 1945 449 1996 rectum
468 1942 641 1997 dicaturve]

135 2030 223 2068 arcus.
248 2015 375 2085 isfinctus
396 2030 428 2068 eo
448 2014 524 2082 quod
543 2030 641 2068 secun-

134 2085 201 2138 dum
214 2089 346 2140 naturam
360 2084 529 2155 constringit
543 2085 640 2138 dectu-

132 2155 199 2210 leos.
227 2159 303 2225 quod
327 2160 370 2211 est
394 2156 479 2211 anulo
498 2156 575 2226 greci
594 2156 640 2210 clo

133 2227 299 2302 dactuledin
309 2228 415 2283 dicunt.
426 2228 534 2282 letinae
545 2230 640 2282 autem

132 2315 217 2352 snum
226 2303 338 2354 vocant.
349 2317 383 2354 eo
393 2300 469 2368 quod
479 2299 509 2353 in
518 2299 639 2354 rotundo

132 2369 309 2439 constringet
327 2371 357 2424 in
375 2371 491 2424 modum
510 2370 595 2425 anuli.

165 2477 220 2544 (15)
235 2474 280 2555 cui
291 2474 449 2528 similitudo
460 2476 503 2527 est
511 2476 639 2556 matrix
703 2480 780 2545 (scuit
793 2480 972 2548 quaerimus,
993 2487 1089 2553 quales
1101 2487 1145 2542 So

129 2546 322 2664 congiosrtrcne
355 2544 443 2665 hegett
475 2546 638 2671 cocurilbrltass
664 2550 739 2604 rani.
759 2549 794 2617 cs.
810 2549 913 2634 Sorani
930 2570 1043 2623 gynaec.
1060 2558 1086 2625 Ι,
1103 2563 1145 2612 10.

128 2627 392 2750 luetluet
401 2629 636 2742 ttlttttss.
665 2623 690 2674 ⁹·
711 2624 748 2675 ²²
765 2622 805 2677 u.
825 2621 903 2691 eps.
919 2626 1017 2692 1882)·

127 2769 219 2807 nosas.
245 2756 274 2807 et
298 2753 368 2806 duas
395 2753 470 2808 fores
493 2773 634 2814 nervosas.

129 2825 207 2878 cuius
226 2840 357 2878 mensura
376 2827 420 2879 est
438 2825 583 2884 orificium.
605 2829 637 2882 in

127 2895 251 2965 corporis
274 2894 411 2964 puellaris
436 2897 575 2953 orificium
593 2900 635 2953 di-

126 2965 250 3035 gitorum
260 2968 395 3034 quattuor
404 2967 530 3023 mulieris
539 2973 635 3025 eutem

126 3035 156 3088 di
179 3036 281 3090 'torum
298 3053 347 3090 sex
365 3036 416 3090 ubi
438 3039 549 3106 positae
569 3043 634 3094 sunt

125 3122 158 3159 ve
179 3106 394 3176 inqualeparte
409 3109 534 3177 corporis
544 3110 633 3179 ipsius

125 3192 253 3233 ceroma.
277 3178 308 3231 in
332 3178 432 3232 dextra
454 3182 536 3248 parte
555 3183 584 3234 et
603 3181 633 3233 in

125 3247 240 3303 sinistra
254 3248 303 3316 qui
317 3248 399 3302 urina
410 3248 565 3304 dimittunt.
582 3251 632 3305 sed

124 3317 255 3373 similiter
277 3319 383 3374 femine
398 3319 547 3373 testiculus
566 3337 631 3374 con-

123 3389 214 3444 tinere
227 3408 297 3459 quos
313 3391 447 3445 dedemus
461 3393 572 3445 vocent.
589 3391 631 3445 le-

122 3459 182 3515 tine
200 3464 295 3517 testes.

335 3535 357 3586 I
365 3534 416 3602 (G)
