2392 3922
525 182 692 236 uomens,
1051 182 1114 246 157

86 352 223 426 postvmo
243 345 355 407 simili
370 347 563 408 detractione
578 346 692 425 plumbi
706 345 909 426 superaddita
927 346 1114 408 detracturus

86 452 152 516 sun,
176 451 238 514 quo
260 453 327 514 pes
357 435 415 496 ille
440 438 494 515 qui
516 443 551 498 ut
573 435 764 514 colligeretur
785 434 917 513 pondera
941 436 1115 517 sustinebat,

85 523 174 585 eidem
187 522 410 584 subductione
425 524 584 586 relevetur.
611 526 727 584 interea
741 523 850 583 cotidie
863 523 946 583 boris
960 527 1115 586 matutinis

86 610 213 673 humina
236 611 391 673 detracta
409 614 573 691 unguentis
591 620 621 674 et
639 613 747 672 ceteris
771 611 925 672 adiutoriis
944 613 1114 674 imminebo.

160 700 221 761 hoc
235 702 358 763 vitium
371 700 552 780 plerumque
568 703 655 763 etiam
670 702 703 760 in
717 699 811 760 oculis
826 702 960 761 evenisse
970 701 1114 762 videmus.
1125 702 1167 767 56

87 806 145 850 nam
161 788 280 869 pthisis
300 796 337 850 et
354 789 518 869 mydriasis
537 791 704 850 certissima
721 787 866 867 paralysis
885 788 1038 850 oculorum
1060 797 1113 850 est.
1142 808 1155 847 e

87 876 185 957 pthisis
208 896 252 938 ex
277 881 492 939 contractione
514 877 561 939 vel
582 878 785 939 deminutione
807 875 936 955 pupillae
960 880 1114 959 contingit,

87 984 116 1027 es
140 965 355 1027 dissolutione
388 984 460 1027 vero
492 966 540 1027 vel
570 965 753 1027 resolutione
784 960 914 1044 pupillae
946 966 1114 1047 mydriasis,

88 1072 169 1134 quum
198 1054 322 1116 medici
348 1053 562 1134 platycoriasin
589 1053 818 1134 appellaverunt.
864 1053 990 1113 diversis
1021 1056 1113 1132 igitur

88 1162 184 1205 esrum
207 1142 427 1204 accidentibus
450 1143 584 1205 diversae
607 1161 696 1204 curae
720 1140 921 1221 disponendae
950 1150 1051 1222 erunt,
1080 1149 1114 1203 ut
1129 1163 1155 1202 so

88 1232 174 1293 alteru
198 1232 352 1293 lomentis
376 1240 408 1292 et
429 1231 652 1293 inunctionibus
675 1232 811 1310 stypticis
831 1236 860 1290 et
884 1232 1113 1308 constringenti-

89 1320 137 1381 ltus
159 1320 345 1400 colligatur,
372 1319 466 1381 altera
494 1320 662 1381 chalasticis
689 1318 827 1380 omnibus
856 1325 886 1378 et
912 1318 1114 1380 nutrientibus

88 1408 248 1471 relaxetur.
302 1407 358 1468 sed
386 1408 424 1469 de
456 1411 592 1489 utrisque
624 1407 755 1469 difficilis
788 1414 834 1467 est
865 1407 1031 1486 mydriasis.
1083 1410 1114 1469 in

88 1498 229 1559 omnibus
269 1498 384 1558 etenim
425 1497 605 1576 generaliter
646 1498 744 1557 causis
788 1496 962 1574 frequenter
998 1496 1113 1557 facilius

88 1589 254 1648 constricta
287 1584 468 1646 resolvimus
501 1603 589 1664 quam
619 1584 751 1646 resoluta
784 1586 1024 1661 constringimus.
1076 1586 1112 1645 de
1128 1601 1153 1642 ιε

88 1678 170 1755 equis
205 1692 285 1735 vero
316 1673 504 1735 naturalibus
535 1676 736 1735 certissimum
766 1679 813 1733 est
845 1674 985 1751 quoniam
1017 1673 1114 1733 dulcia

90 1782 209 1845 semper
242 1768 278 1823 et
314 1761 410 1824 calida
441 1762 556 1823 lavacra
592 1781 717 1842 corpora
753 1760 936 1843 relaxarunt,
967 1761 1114 1822 naturalia

155 1924 172 1971 1
195 1913 291 1971 simili
308 1915 394 1969 modo
413 1915 440 1970 d
459 1932 482 1973 r.
514 1921 580 1987 post
597 1913 707 1985 plumbi
726 1914 791 1970 add.
811 1912 871 1970 (iel.
893 1913 993 1967 dibeus
1013 1913 1113 1983 priori-

89 1986 144 2042 bus.
224 1991 331 2053 itsmu
347 2003 398 2042 om.
418 1987 442 2041 b.
523 2003 579 2055 quo
601 1988 684 2043 er:
707 1985 784 2054 quod
803 1985 860 2039 Get.
946 1982 995 2037 ille
1014 1984 1112 2038 ctist:

89 2075 133 2112 om.
154 2058 217 2113 bB.
304 2055 354 2124 qui
372 2059 406 2110 ut
424 2055 604 2127 colligeretur
621 2057 717 2113 rdet:
752 2057 804 2124 tut
822 2053 1003 2124 colligeretur
1021 2056 1044 2122 b,
1065 2054 1113 2121 qui

90 2146 147 2181 eum
166 2126 363 2196 colligeretur
379 2128 416 2181 Β.
499 2134 515 2180 3
534 2127 690 2182 identidem
708 2129 783 2196 (arcte
800 2125 951 2193 relevetur)
970 2125 1032 2179 add.
1055 2125 1112 2180 cet.

90 2198 257 2253 devenisse
280 2196 411 2252 videmus
431 2199 489 2269 (sic)
508 2199 550 2268 Β,
575 2215 616 2254 ev.
640 2197 763 2253 vidimus
781 2197 863 2252 rGel.
878 2195 983 2264 (Neo.):
1012 2211 1113 2266 cogno·

90 2274 179 2324 sunus
200 2267 336 2323 evenisse
355 2270 380 2324 b.
451 2274 467 2321 6
484 2269 568 2339 ptisis
588 2272 662 2339 (mos
678 2267 792 2339 pthisis)
810 2269 847 2337 Β,
867 2265 968 2337 (ptysis
986 2268 1041 2334 rb).

89 2339 261 2395 noedrissis
280 2339 323 2408 Β,
341 2338 484 2394 midi-lusis
502 2359 530 2410 r,
557 2339 694 2394 mittissis
713 2340 788 2409 b(cf.
810 2338 881 2394 Occi.
901 2340 955 2394 chr.
974 2344 1004 2405 2,
1024 2342 1048 2393 6.
1068 2342 1113 2394 16.

89 2414 148 2467 Gal.
169 2410 265 2478 XIV,
285 2412 360 2479 776).
389 2427 458 2480 seqq.
476 2428 525 2467 om.
546 2414 562 2467 b
581 2429 666 2481 usqne
689 2412 727 2466 ad
749 2412 865 2466 altercare
882 2407 1041 2478 mydriasin

89 2490 101 2535 ῖ
118 2498 197 2551 quse
218 2484 299 2549 (ante
315 2481 388 2550 pth.)
406 2483 471 2537 odd.
485 2483 520 2537 Β.
595 2480 793 2537 constrictione
808 2481 867 2536 θεῖ.
946 2480 1018 2548 tysis
1031 2481 1077 2537 bic
1090 2498 1112 2535 r.

88 2552 284 2607 diminutione
302 2552 348 2606 rB
358 2552 417 2608 θεῖ.
516 2557 533 2606 8
552 2569 594 2607 ex.
614 2552 681 2608 diss.
699 2568 766 2607 vero
784 2551 830 2605 vel
848 2568 901 2607 res.
920 2569 944 2620 r,
963 2567 997 2605 ex
1015 2568 1067 2608 res.
1086 2571 1112 2607 v.

88 2625 129 2678 rel
148 2622 348 2679 dissolutione
366 2623 407 2677 B:
427 2638 461 2676 ex
479 2623 649 2678 resolutione
670 2624 728 2679 cer.
828 2622 977 2676 medriasis
995 2624 1059 2693 (bic)
1077 2625 1113 2691 Β,

88 2695 238 2749 nidi-iscis
257 2711 281 2749 r.
305 2695 370 2748 item
387 2694 467 2760 infru
483 2712 508 2749 c.
524 2701 567 2749 13.
641 2700 657 2748 9
675 2692 779 2748 medici
796 2695 840 2748 rB
851 2694 923 2750 eet:
943 2693 994 2747 alii
1013 2696 1035 2749 b.

87 2762 328 2836 plutuichoriaiin
345 2764 391 2833 Β,
409 2763 610 2835 platigorissin
623 2767 647 2832 b,
666 2763 869 2834 platocoriesiu
886 2783 909 2820 r.
987 2765 1113 2834 appella-

87 2840 192 2891 verunt
210 2837 277 2891 Bb:
298 2851 399 2889 —vere
419 2835 487 2905 eet,
506 2836 687 2907 appellarunt
704 2853 727 2890 r.
836 2841 870 2888 10
890 2851 998 2889 earum:
1018 2851 1113 2888 eorum

87 2910 149 2964 er
161 2908 227 2963 Get.
281 2904 308 2960 d.
319 2922 342 2961 c.
354 2905 546 2974 disponendae
560 2910 643 2962 erunt
655 2908 716 2962 rB:
732 2905 787 2960 div.
797 2923 819 2962 c.
831 2908 897 2960 sunt
911 2905 1083 2974 drspoueude
1096 2907 1112 2958 b

88 2980 213 3034 diverse
229 2976 439 3058 disponendum
453 2977 508 3031 erit
520 2979 597 3047 Get).
647 2983 678 3031 11
689 2975 899 3031 munctionibus
909 2977 945 3043 Β,
959 2973 1112 3028 inuntioni-

88 3050 138 3104 bus
153 3068 188 3105 r:
204 3046 392 3102 unctionibus
410 3050 495 3104 boet.
558 3054 592 3102 12
611 3048 654 3103 ch.
674 3065 699 3103 o.
717 3050 747 3102 et
764 3066 791 3104 n.
810 3049 851 3102 B:
874 3044 1112 3100 chalasticamini-

87 3120 138 3173 bus
159 3122 243 3187 (siet)
261 3120 336 3174 nutr.
353 3117 422 3187 Get,
440 3119 604 3174 chalastieis
622 3119 705 3173 rebus
722 3121 726 3187 Ι
741 3122 814 3173 nutr.
834 3120 858 3174 b.
937 3120 969 3168 18
988 3114 1111 3168 difficilis

89 3193 160 3246 er
171 3191 235 3247 cet.
250 3188 353 3260 (-lior
371 3189 460 3258 Neu).
529 3190 559 3244 in
578 3207 603 3245 o.
622 3189 728 3245 etenim
745 3205 807 3260 geu.
827 3206 850 3243 c.
869 3189 905 3242 rb
917 3187 988 3241 cet:
1007 3184 1112 3238 etenim

88 3279 150 3331 gen.
167 3278 192 3316 c.
209 3260 242 3314 in
261 3259 437 3315 omnibusB.
503 3266 537 3314 14
549 3260 663 3316 facilius
677 3279 728 3317 om.
737 3279 760 3316 r.
821 3256 974 3314 constricte
992 3258 1027 3310 rb
1039 3256 1111 3311 Get:

89 3331 226 3387 restricta
238 3331 276 3386 Β.
352 3334 385 3383 15
405 3331 622 3402 constringimus
640 3333 743 3389 bilei:
763 3328 987 3397 constringemus
1005 3328 1055 3381 rB.

92 3410 122 3457 lt
142 3401 351 3473 (naturalibus)
370 3401 498 3457 omuibus
517 3405 580 3458 add.
600 3422 622 3459 r.
738 3399 871 3470 quoniam
889 3400 954 3468 (qu-o
969 3399 1005 3466 Β,
1024 3403 1073 3465 qni
1085 3400 1111 3467 r)

91 3476 164 3529 Get:
184 3473 255 3543 quia
274 3474 300 3528 b.
364 3477 397 3525 17
415 3472 578 3528 relaxarunt
596 3476 625 3529 Β
638 3475 803 3544 (-averunt
822 3471 904 3538 cett
922 3470 1053 3524 relaxent
1065 3472 1111 3537 rb,

90 3548 135 3601 sed
148 3563 215 3602 moa·
229 3543 465 3613 eollegeruutrB
477 3546 548 3600 Get:
563 3544 758 3614 (Natiualibus
772 3542 889 3612 vero...)
900 3540 1072 3612 colliguntur
1086 3544 1110 3599 b.
