2392 3922
113 180 179 244 326
442 182 790 235 esnone-THEODORI

185 339 229 392 Ad
250 339 389 392 stomachi
404 338 529 393 dolorem
549 342 578 394 et
597 342 693 394 ructus
710 356 820 393 amaros
836 356 907 406 quos
921 355 974 394 nee
988 339 1071 409 potio
1085 357 1137 395 neo

115 419 172 473 cibi
198 419 306 472 iuvant.
335 419 498 473 centauriae
526 419 612 474 tritae
641 419 715 491 scrip
729 420 808 473 VIIII
836 419 867 472 in
895 419 957 474 vini
986 420 1082 489 cyatis
1099 421 1139 474 ΙΠ

113 515 164 568 per
181 498 307 552 triduum
325 499 416 555 bibat.
441 500 494 553 hoe
514 502 543 553 et
560 499 721 554 lumborum
740 502 769 554 et
787 498 886 553 lateris
904 499 997 552 dolori
1010 500 1136 568 prodest.

113 581 194 632 rutae
223 596 318 633 semen
342 597 406 633 cum
434 579 567 648 sulphure
590 580 656 634 vivo
684 581 715 634 in
740 581 821 634 aceto
836 578 1001 633 ‘contritum
1024 579 1137 634 ieiunus

87 661 238 728 agustato.

185 739 231 792 Ad
254 739 415 793 inflationes
439 743 468 792 et
497 739 618 794 acriores
647 737 787 794 stomachi
812 737 932 792 dolores.
966 736 1089 792 feniculi
1111 741 1139 792 et
1163 799 1168 810 ¹

115 818 174 887 apii
198 819 308 873 radices
326 819 357 872 in
379 819 446 873 rino
469 819 559 874 veteri
581 818 647 873 albo
670 818 816 885 infundes,
844 820 874 871 et
897 817 1011 872 ieiunus
1037 818 1138 872 exinde

117 900 215 966 cyatos
241 899 310 952 duos
337 898 428 952 bibat.
461 901 542 953 rutae
564 897 713 968 paululum
738 898 768 951 in
796 897 861 951 cibo
886 900 938 952 aut
965 897 998 951 in
1021 899 1139 968 potione

117 978 228 1032 sumito.
257 978 353 1032 fimum
375 978 462 1032 rituli
481 995 516 1032 ex
538 978 605 1033 vino
628 976 709 1047 potui
734 979 814 1046 dato,
841 976 974 1031 omnibus
999 978 1141 1032 stomachi

77 1079 103 1117 ro
117 1059 240 1126 querelis
260 1059 399 1114 subvenit.
428 1059 553 1129 lapidem
572 1061 698 1127 gagatem
714 1057 746 1111 in
765 1074 839 1126 aqua
853 1057 975 1111 fontana
990 1059 1140 1127 decoques‚

118 1141 147 1193 et
165 1139 255 1194 bibat.
285 1139 462 1193 diatessaron
482 1137 665 1208 suprascripti
680 1136 804 1192 antidoti
819 1137 947 1191 cocleare
961 1139 975 1191 l
994 1155 1061 1192 cum
1075 1138 1141 1194 vino

118 1223 168 1272 aut
187 1219 281 1272 calida
301 1237 375 1287 aqua
394 1218 505 1273 ieiunus
519 1217 610 1287 bibat,
630 1218 759 1271 omnibus
775 1216 916 1270 stomachi
935 1216 1061 1284 querelis
1077 1219 1141 1272 sub-

118 1296 204 1350 venit.
233 1298 287 1350 hoc
307 1298 331 1350 si
349 1297 434 1352 tertio
454 1297 517 1364 quis
536 1297 567 1349 in
591 1315 664 1352 anno
688 1296 807 1365 biberit,
832 1313 942 1365 semper
960 1297 1142 1352 stomachum

122 1393 221 1430 sanum
240 1376 367 1442 habebit,
385 1377 537 1444 probatum
557 1380 607 1431 est.

78 1475 104 1512 rs
186 1455 414 1524 [Declinantibns
433 1471 500 1509 vero
520 1457 665 1510 doloribus
685 1456 828 1525 cyminum
845 1456 971 1512 frixum.
989 1501 995 1511 .
1011 1501 1016 1512 .
1033 1458 1084 1514 Pr.

362 1578 409 1632 Aa
426 1580 627 1648 11112911
642 1588 706 1648 post
725 1580 896 1650 applicabo).

191 1659 220 1711 et
242 1656 348 1710 herbae
379 1657 545 1712 victoriolas
579 1658 639 1713 suci
668 1663 766 1728 cyatos
785 1661 825 1714 ΙΙΙ
852 1678 916 1714 eum
942 1660 1029 1715 melle
1060 1661 1142 1731 potui

124 1736 191 1790 dato
210 1735 314 1805 ieiuno,
333 1754 398 1790 mox
416 1737 524 1792 incidet
542 1737 653 1807 flegma.

175 1817 323 1883 Ι(11111111
348 1821 462 1872 autem
480 1835 520 1872 ex
541 1818 707 1887 flegmate
731 1818 878 1873 inflatio
901 1819 1011 1874 fuerit
1036 1823 1067 1874 et
1087 1824 1144 1875 sto·

82 1915 107 1954 ao
122 1898 238 1951 machus
257 1897 410 1966 inflixerit,
435 1896 546 1952 calidae
564 1898 746 1952 unctionibus
766 1900 907 1952 curandus
926 1902 978 1954 est.
1007 1900 1143 1955 mastices

122 1980 235 2032 mentae
258 1978 416 2048 arnoglossi
439 1978 544 2048 piperis
569 1978 689 2032 castorei
714 1996 769 2032 ana
787 1993 824 2037 ÷
837 1979 857 2034 I.
884 1996 950 2033 nam
975 1981 1004 2032 11
1027 1981 1144 2034 corticis

122 2056 228 2110 radicis
251 2058 369 2112 feniculi
391 2059 495 2113 libram
513 2060 526 2112 I
545 2061 574 2112 et
593 2058 624 2127 S,
653 2057 727 2111 aceti
757 2057 831 2111 3811
855 2073 957 2125 coques
985 2075 1078 2126 usque
1108 2059 1144 2112 ad

122 2137 314 2207 medietatem,
332 2142 361 2192 et
374 2139 441 2192 huic
456 2142 536 2192 aceto
550 2141 660 2208 partem
674 2138 714 2191 111
727 2137 820 2191 mellis
840 2137 1019 2207 admiscebis‚
1038 2139 1144 2194 iterum

124 2234 234 2287 coques,
255 2221 284 2272 et
298 2218 328 2271 in
342 2219 456 2272 modum
474 2217 602 2272 electerii
616 2217 712 2272 uteris.
733 2216 864 2270 similiter
878 2216 1058 2272 adiuvabunt
1077 2238 1144 2288 oxy-

84 2311 109 2350 11
123 2297 205 2364 poria
229 2315 263 2350 ex
287 2314 381 2351 ameos
406 2298 562 2371 (semine).
597 2298 673 2351 item.
693 2296 820 2366 ligustici
844 2296 904 2366 apii
932 2297 1047 2351 seminis
1067 2301 1144 2367 ÷1,

123 2375 229 2443 piperis
243 2389 279 2435 ÷
292 2376 319 2429 Π
333 2394 396 2430 cum
414 2377 497 2431 melle
518 2378 684 2446 despumato
703 2375 828 2445 colliges,
849 2379 960 2445 etpost
980 2375 1058 2430 cibos
1075 2379 1144 2432 bina

125 2453 264 2507 coclearia
283 2455 377 2509 ieiuno
398 2456 487 2510 dabis.

196 2532 230 2584 Si
249 2550 328 2586 vero
347 2533 492 2588 inflatio
512 2535 683 2589 stomachi
702 2553 766 2590 cum
783 2535 912 2590 tensione
935 2535 1034 2604 fuerit,
1058 2537 1144 2591 fasci-

125 2610 219 2662 culum
241 2610 342 2681 puleii,
370 2613 475 2667 herbae
503 2617 624 2682 nepetae
647 2617 816 2670 tantundem
845 2616 983 2684 decoquas
1011 2615 1042 2669 in
1068 2634 1144 2685 aqua

85 2706 111 2745 so
126 2688 292 2760 diutissime,
311 2691 417 2761 piperis
432 2693 477 2754 ,31
495 2696 579 2763 teres,
597 2695 691 2749 mellis
706 2696 832 2750 cocleare
847 2697 860 2749 I
877 2694 1008 2749 miscebis
1023 2695 1054 2748 in
1068 2714 1144 2764 aqua

126 2771 329 2902 {uprascripta
354 2774 383 2825 11
401 2771 492 2826 bibat.
512 2777 542 2827 et
560 2773 646 2828 aforis
670 2775 813 2845 epithema
831 2776 958 2844 impones
980 2775 1079 2830 Nileos
1098 2777 1144 2830 vel

147 2867 314 2904 rasamsucu.

199 3018 213 3064 1
234 3012 279 3066 Ad
298 3015 331 3066 st.
352 3013 378 3066 d.
398 3015 473 3067 rabr.
493 3014 525 3067 ia
544 3015 567 3069 b.
623 3011 716 3067 ist.
790 3010 920 3065 contrito.
940 3016 969 3066 et
988 3013 1100 3067 ieiunus
1120 3017 1142 3068 b.

128 3089 144 3136 6
163 3083 208 3136 Ad
227 3083 284 3136 infl.
304 3086 378 3139 rubr.
399 3085 422 3138 b.
497 3089 511 3136 7
531 3082 658 3136 infundis
678 3085 701 3137 b.
782 3087 813 3134 11
833 3081 891 3134 bib.
912 3085 935 3136 b.
1023 3094 1052 3139 ss
1071 3085 1144 3140 anti-

129 3155 198 3207 dotti
218 3157 241 3209 b.
316 3161 348 3208 12
368 3155 425 3209 bib.
446 3157 469 3209 b.
544 3159 577 3206 17
596 3156 643 3208 Ps.
662 3152 747 3222 Apul.
767 3154 899 3218 15911).
982 3159 1014 3207 19
1035 3156 1143 3221 Quibus

128 3233 175 3279 eto.
194 3228 268 3280 rubr.
289 3228 312 3279 b.
397 3232 432 3279 20
450 3225 577 3296 Μ111111.
597 3226 700 3278 menta.
721 3222 886 3290 amoglossa
904 3241 950 3293 pp.
972 3229 1100 3302 castoreo
1121 3230 1144 3282 b.

129 3335 162 3383 21
183 3331 302 3386 cortices
322 3334 344 3386 b.
422 3301 1143 3409 13ῗ111111111111111111.24111111.

130 3403 265 3469 oxoporia
285 3419 414 3458 exameos
435 3403 574 3470 111111).
659 3404 693 3452 25
712 3398 837 3453 huestroi
856 3401 880 3453 b.
971 3406 1005 3454 28
1024 3405 1100 3457 rubr.
1121 3406 1144 3458 b.

129 3475 163 3521 29
182 3475 267 3542 nepte
287 3475 310 3527 b.
385 3479 419 3527 30
438 3471 506 3526 teris
526 3474 549 3526 b.
622 3469 722 3522 misces
742 3471 765 3523 b.
839 3472 963 3524 31111).
1041 3472 1100 3528 bib.
1120 3477 1144 3528 b.

130 3543 255 3609 epytima
273 3543 368 3611 iponis
387 3543 533 3598 Dianileos
552 3542 571 3594 l'
592 3540 640 3594 dia
660 3544 788 3594 samsucir
808 3543 832 3596 b.
