2392 3924
216 769 322 841 luicx
349 770 392 842 ad
419 771 625 842 Theodorum
652 772 871 844 Priscianum.

153 867 352 924 Additamento
369 876 491 938 spectant
509 871 606 940 quibas
624 871 756 926 σσησὶσσση
770 873 926 940 praeposui.

490 995 596 1008 —u—

36 1083 219 1138 abrotonum
237 1078 425 1154 (tfiotrorovtz
439 1084 479 1137 sic
494 1084 520 1136 V
569 1096 655 1138 accrz
685 1081 774 1137 salsos
798 1082 876 1137 cibos
905 1086 934 1137 ct
963 1099 1046 1153 agros

54 1152 233 1221 (abrothomo
253 1158 278 1222 2,
299 1158 385 1206 72-
403 1153 516 1208 abroto-

54 1242 132 1278 mum
147 1229 172 1291 2,
187 1228 221 1278 86
232 1255 266 1264 -
276 1223 407 1278 abrotoni
421 1229 446 1294 2,
462 1229 515 1294 98),

54 1313 106 1351 rec.
135 1295 403 1363 abrotanum‚(Bb.·
430 1303 456 1350 et
477 1297 517 1351 sic

56 1367 138 1434 aar),
156 1368 391 1435 aprotanumr=
401 1368 431 1422 it.
446 1368 515 1436 hisp.

56 1437 204 1492 abrotano.
224 1438 258 1505 cf.
274 1437 339 1492 Sim.
353 1438 419 1492 Jan.
435 1437 516 1492 abro-

54 1511 170 1578 tanum,
196 1524 254 1562 non
276 1510 444 1578 aprotanum
467 1511 518 1576 (sic

55 1598 76 1636 σ.
96 1597 122 1652 9.
141 1587 168 1635 et
184 1579 274 1634 Cossa
295 1581 371 1634 codd.
395 1596 428 1648 cp
446 1584 516 1649 etc).

588 1155 636 1222 (V,
660 1170 738 1208 acres
759 1155 847 1222 σΒὸ),
868 1160 897 1223 2,
918 1160 958 1210 76.
988 1154 1047 1208 acri

587 1224 706 1293 clystere
725 1226 776 1306 (B,
801 1242 865 1280 acro
883 1227 931 1292 rb)
955 1231 984 1295 2,
1003 1230 1046 1280 48.

588 1298 670 1350 aceto
679 1312 738 1350 acr1
745 1297 838 1352 Boot.
848 1323 882 1342 =
891 1313 956 1351 acro
967 1300 1047 1351 aceto

587 1369 624 1422 br
635 1373 658 1436 1,
669 1372 711 1421 55.
723 1372 747 1435 1,
763 1372 797 1422 tt
807 1375 854 1423 eto.
881 1368 1047 1424 acrobAdd.

589 1445 613 1507 1,
624 1447 648 1492 t.
665 1443 699 1492 99
718 1445 765 1494 etc.
785 1439 844 1493 acri
856 1439 923 1495 Ant.
939 1442 989 1495 Br.
1005 1445 1047 1495 33.

590 1515 623 1564 67
634 1510 680 1579 B).
699 1509 774 1564 aceti
792 1511 864 1565 acris
880 1513 939 1579 (Ps.
959 1513 1048 1579 Plio.)

589 1581 663 1636 Ado.
674 1598 703 1651 p.
714 1584 778 1648 356,
792 1584 818 1636 8.

56 1683 91 1692 -
116 1651 269 1705 abrotonus
295 1649 434 1720 (decocta)
455 1651 516 1718 fem.
571 1652 699 1720 achon,
709 1657 742 1705 12
754 1657 835 1711 (nom.
846 1656 897 1722 sq.)
908 1653 1049 1706 attacora

56 1723 132 1777 Aac.
148 1723 171 1774 I
178 1739 201 1777 c.
216 1725 260 1776 36.
280 1720 434 1775 abrotanus
443 1721 518 1777 Add.

56 1797 84 1862 2,
99 1797 135 1848 91
151 1809 181 1862 p.
197 1795 261 1860 329,
278 1795 317 1847 28
335 1799 382 1847 eto.

590 1723 714 1791 (achora)
732 1723 783 1777 Bb
801 1726 909 1792 (accras
933 1740 988 1778 acc.
1008 1724 1048 1791 pt.

591 1795 627 1848 to.
647 1795 714 1862 Bb).

40 1863 246 1936 absinthium,
284 1863 518 1919 abslnthiatuma
572 1863 786 1919 acrimoniam
806 1862 877 1917 cibis
889 1861 982 1917 nutrio
998 1863 1050 1916 sic-

57 1936 237 1991 restitnemmt
258 1940 374 1990 recentes
393 1935 447 2003 (Β,
472 1935 522 1989 ab·

59 2005 180 2060 sincium
208 2007 251 2075 b),
280 2005 440 2060 absentium
461 2024 523 2064 cum

58 2078 137 2135 codd.
156 2083 205 2132 oet.
223 2077 356 2145 (rortW,
375 2078 421 2132 sed
439 2079 522 2133 inter-

59 2150 127 2204 dum
141 2151 178 2216 (v.
193 2149 210 2202 t.
225 2150 264 2202 II
273 2166 295 2204 σ.
310 2156 483 2219 xrrx-rxr)
498 2154 523 2203 et

60 2217 239 2273 absinthium
266 2223 307 2290 (ut
334 2221 523 2289 abseuthium)

61 2291 133 2346 idom
157 2291 184 2344 V
198 2297 224 2345 et
241 2291 408 2348 absintium:
428 2292 522 2347 absin-

60 2360 216 2431 lipinarum
239 2363 305 2431 Va,
320 2369 354 2418 98
368 2368 413 2433 (=
428 2363 522 2418 absin·

60 2431 125 2502 mii,
134 2436 362 2507 pennarumBy).
377 2437 417 2490 sic
425 2434 523 2488 vinum

61 2501 258 2558 absentiacom
281 2505 350 2574 Va,
365 2511 399 2560 90
418 2505 523 2575 (absin-

60 2573 180 2628 thiacon
188 2575 225 2644 B,
235 2574 425 2631 absinciatum
435 2578 458 2645 t,
473 2577 524 2630 ab·

62 2644 241 2700 senthiacum
258 2649 295 2717 r),
318 2649 365 2702 sed
388 2647 449 2702 olco
474 2647 524 2701 ab·

63 2715 206 2840 singhiaco
229 2719 311 2772 etiam
334 2718 445 2787 V(cam
463 2720 523 2788 Bo)

48 2860 166 2935 acetum
194 2860 267 2928 (cic)
292 2861 307 2914 b
334 2867 360 2916 ct
382 2863 526 2929 pamimr

65 2933 140 2998 (imm
159 2931 209 2999 B).

48 3000 217 3058 accidentia
228 3002 351 3071 (morbi):
365 3018 451 3125 scafis.
463 3018 526 3055 cum

64 3071 209 3141 aliquibus
259 3071 406 3127 melancho
421 3072 526 3126 ‘corum

65 3142 262 3197 accidentibus
270 3144 314 3212 (V
314 3145 343 3198 B
350 3143 406 3199 Get.
405 3148 420 3212 )
427 3171 461 3190 =
472 3143 528 3213 sig-

63 3214 107 3269 nis
123 3216 169 3283 (b)
190 3218 219 3282 2,
239 3219 280 3270 96.
299 3217 334 3282 cf.
355 3221 384 3284 2,
404 3221 437 3269 69
456 3218 485 3269 et
504 3215 528 3268 si

65 3283 285 3368 aliquodadhuc
295 3285 527 3356 exsuperioribus

66 3354 263 3410 acordontibus
305 3356 528 3426 perseveraverit

66 3429 228 3497 symptoma
234 3429 271 3496 (1).
286 3431 320 3496 cf.
330 3427 528 3497 praeacciden-

67 3497 117 3552 tia.

593 1935 633 1988 cis
657 1936 686 1988 et
705 1933 797 1988 tostis.
821 1933 975 1987 acrimonia
994 1951 1051 1988 om-

592 2005 642 2059 nia
656 2005 779 2059 concedo
794 2011 818 2086 2,
834 2010 866 2057 91
878 2007 936 2075 (abi
947 2007 1003 2060 cod.
1015 2007 1049 2060 B.

594 2077 712 2132 correxit
741 2094 768 2131 n.
795 2075 877 2130 srccis
908 2079 937 2130 et
963 2075 1051 2130 totius

594 2146 765 2202 acrimoniae
792 2146 887 2201 omnia
914 2163 950 2216 c.,
979 2149 1052 2202 uode

594 2219 786 2274 Heremuanus
808 2220 840 2273 da
862 2218 1007 2275 Neomare
1024 2237 1051 2272 n.

595 2289 685 2358 siccis,
704 2292 734 2343 et
748 2287 931 2343 acrimoniam
947 2288 1053 2344 haben·

593 2361 636 2415 tia
646 2360 786 2431 concedo).
802 2359 980 2414 salsamentis
996 2377 1052 2414 om-

593 2433 678 2486 nibus
696 2431 865 2501 nutriantur,
884 2431 1054 2500 acrimoniis,

595 2503 727 2573 sinapi...
743 2509 767 2572 2,
782 2510 824 2558 90.
844 2502 933 2557 alium
950 2502 996 2557 val
1010 2519 1054 2557 cc-

594 2577 656 2629 tcra
680 2573 834 2628 acrimonia
858 2575 945 2629 edant
963 2581 992 2642 2,
1013 2579 1055 2627 99.

596 2648 657 2700 item
683 2644 778 2699 omnia
800 2647 842 2700 oet
868 2647 962 2700 cetera
985 2644 1055 2698 acri-

595 2715 692 2769 monia
711 2722 740 2782 2,
765 2720 806 2769 99.
832 2721 891 2771 105.
922 2722 972 2770 106
995 2717 1057 2779 (abi

596 2805 657 2842 cam
671 2785 825 2840 acrimonia
839 2793 928 2842 teneat
936 2788 1019 2841 etiam
1028 2786 1055 2838 B

597 2876 657 2913 cnm
672 2858 713 2912 Vb
732 2863 757 2912 et
773 2857 893 2926 Gelasio,
913 2856 990 2910 acria
1007 2873 1055 2911 sno

596 2929 711 2983 arbitrio
729 2944 830 2996 semper
848 2930 964 2983 corrasit
983 2929 1055 2982 codi-

597 3003 635 3055 cis
662 3000 851 3054 Bruxelleasis
880 3000 986 3066 editor).
1020 2999 1053 3064 cf.

597 3073 679 3126 etiam
701 3088 724 3125 o.
749 3071 766 3124 l.
786 3075 815 3136 2,
836 3076 877 3124 66.
909 3071 949 3123 sic
975 3071 1057 3123 etiam

600 3143 728 3209 Escolap.
743 3157 791 3211 qno.
805 3157 865 3209 cap.
876 3144 913 3195 36
927 3141 959 3194 de
977 3141 1056 3263 Ῑιέᾱσ.

600 3211 753 3266 acrimonia
779 3211 873 3264 omnia
905 3212 1058 3264 comeant

600 3287 628 3338 et
647 3282 826 3351 salsamenta,
845 3284 893 3337 ubi
910 3283 950 3337 ed.
965 3285 1059 3352 11589

600 3353 677 3408 acria
709 3353 810 3407 omnia.
843 3354 919 3423 apud
945 3354 1059 3408 eandm

600 3428 638 3480 ad
655 3426 736 3492 {inem
755 3427 789 3491 (c.
804 3429 841 3479 46
856 3426 887 3480 de
899 3426 976 3495 pout.)
989 3426 1060 3479 omia

600 3499 691 3554 editur
712 3496 888 3553 Abstincaut
899 3541 905 3552 .
918 3539 924 3551 .
938 3513 972 3552 .a
986 3494 1075 3562 tegu-
