2392 3922
540 111 707 167 LOGIOUS.
1064 110 1128 174 201

84 274 141 336 ride
168 273 224 335 bis
262 275 480 357 frequentius
510 278 632 338 misceo.
688 276 851 356 expediunt
883 276 983 339 caules
1015 277 1132 338 decocti

87 363 219 444 plantago
249 366 431 444 portulaca
457 365 635 446 polygonum
664 366 836 446 symlytum,
863 366 971 426 horum
999 368 1131 426 omnium

89 471 172 533 quam
194 457 347 516 maxime
373 455 448 516 iolia
473 454 520 514 vel
546 454 651 515 molles
674 472 775 534 cymae
803 454 869 515 oleo
897 462 927 516 et
954 462 1036 516 aceto
1061 473 1131 515 con·

90 543 173 604 (litae.
223 561 286 604 ova
312 546 350 604 in
376 551 462 605 aceto
491 548 573 603 cocta
601 543 723 604 sorbilia
751 545 943 624 conveniunt,
971 551 1001 604 et
1029 562 1065 604 ex
1088 547 1130 604 vi·

92 631 168 693 tellis
196 650 319 694 eorum
347 631 478 713 patellae
507 631 645 712 perfusae
678 631 895 693 cerebellorum
925 632 1047 713 pulvere
1079 641 1130 694 aut
1157 652 1170 692 ⁵

94 720 244 800 gallarum
269 729 329 783 aut
347 740 402 782 rus
426 723 542 800 syriaci.
582 723 683 801 pisces
702 728 752 781 aut
770 723 922 800 capitones
941 728 991 782 aut
1012 721 1130 801 lepores

96 817 146 871 aut
168 809 312 890 mugiles
337 817 370 871 et
393 811 488 871 ceteri
510 812 660 870 sicciores.
706 827 812 870 caseus
835 817 969 872 vetustus
988 812 1131 893 proderit,

97 902 158 960 sive
183 917 303 961 recens
328 898 461 960 libuerit.
507 897 552 958 lac
575 901 676 959 asinae
700 900 731 958 in
757 898 925 978 diploangic
948 906 1066 960 coctum
1089 901 1130 959 1-

97 991 148 1070 rit,
171 995 207 1049 61
224 987 381 1050 bubulum
400 987 532 1048 schiston
551 987 736 1048 conlectioue
754 989 835 1048 iuvat
853 1006 890 1048 ex
908 987 1057 1066 lapidibus
1076 989 1130 1049 ssu-

98 1076 280 1138 miualibus.
324 1078 368 1138 sic
392 1078 482 1136 etiam
505 1078 660 1154 caprinum
683 1075 819 1136 silvestre
843 1078 920 1136 lacit.
963 1079 1007 1137 sic
1027 1095 1130 1138 carnes
1146 1098 1173 1137 ro

99 1166 222 1227 dandae
247 1173 322 1227 suut
345 1171 479 1243 agrestes
500 1171 531 1226 61
553 1166 704 1244 sicciores,
727 1166 808 1225 iuvat
831 1164 961 1226 fasianus
985 1167 1016 1224 in
1039 1184 1131 1243 pusca

100 1255 269 1336 decoctus,
300 1252 459 1334 palumbus
486 1255 575 1314 matri
603 1252 781 1333 subductus,
808 1260 908 1314 turtur
936 1261 966 1314 61
992 1254 1078 1332 lepus
1102 1263 1132 1315 et

101 1351 211 1405 cetera
244 1342 395 1404 silvestria
428 1343 552 1403 sicciora
589 1359 678 1420 quam
709 1344 838 1402 maxime
871 1342 1009 1403 volatilia.
1056 1362 1131 1422 quae

102 1435 191 1493 enim
217 1450 319 1512 neque
343 1431 501 1492 salivarum
524 1448 621 1508 neque
644 1432 798 1492 urinarum
822 1450 909 1492 usum
932 1432 1058 1512 habent,
1081 1452 1132 1493 na-

182 1573 198 1621 1
220 1565 329 1621 misceo
346 1565 435 1622 rVB:
454 1563 672 1619 ministrandum
690 1567 735 1619 est
754 1566 812 1621 (161.
828 1567 888 1634 (om.
903 1568 937 1636 b).
1023 1566 1133 1622 interea

105 1643 188 1708 (poet
208 1640 285 1708 exp.)
303 1638 368 1692 add.
389 1638 448 1692 Gel.
529 1636 697 1706 rpianeago
715 1637 793 1692 ΝΒ
804 1637 875 1692 Gela
895 1637 1090 1708 emoglossum
1108 1641 1131 1693 b.

103 1709 267 1780 poligonus
281 1707 392 1762 sinfitus
405 1709 443 1776 B,
460 1707 527 1777 poly
548 1706 717 1762 onusinficus
730 1707 764 1777 V,
782 1707 930 1778 poligonos
945 1709 1095 1778 simphitus
1109 1727 1133 1765 r.

105 1787 124 1834 3
142 1779 252 1834 molles
271 1795 371 1849 cymae
390 1779 463 1835 Geir
485 1795 531 1833 mo
555 1795 585 1833 es
604 1794 677 1847 quae
700 1779 737 1846 V,
760 1778 860 1833 molles
879 1778 946 1832 cimi
962 1780 1004 1848 B,
1031 1779 1133 1834 molles

104 1868 174 1905 eum
193 1869 212 1906 r
226 1853 289 1921 (om.
309 1852 343 1921 b).
434 1849 504 1906 oleo.
523 1855 560 1905 s's.
574 1876 609 1896 =
623 1866 709 1918 supra
727 1848 831 1919 scripto
850 1851 915 1906 add.
935 1852 959 1905 b.
1032 1856 1048 1903 3
1068 1867 1132 1904 con-

103 1921 162 1976 diti
177 1922 219 1977 Β.
276 1920 439 1990 iprofusee
457 1921 522 1989 VB,
540 1920 622 1994 pinse
640 1922 689 1976 rb:
708 1938 759 1976 om.
776 1921 834 1976 Gel.
886 1919 991 1976 oreris
1001 1921 1132 1989 VBcez,

101 2009 151 2047 ros
171 2012 200 2048 r.
258 1993 309 2046 aul
325 1992 416 2047 rVB:
436 1991 524 2046 dandi
542 1993 609 2046 sunt
628 1992 686 2047 Gel.
742 1991 899 2060 capitones:
918 1993 959 2046 sie
971 1992 1132 2047 rVBbGel.

104 2064 205 2135 lepres
225 2064 287 2132 (sic)
310 2063 343 2132 V,
370 2061 480 2131 lepores
498 2065 526 2117 Β
538 2064 611 2119 Gel:
635 2079 685 2117 om.
704 2064 742 2116 rb
757 2064 813 2130 (sed
830 2066 862 2117 ic
880 2081 896 2117 r
913 2079 977 2116 mox
993 2061 1133 2131 Leporina

102 2143 171 2205 post
193 2133 347 2203 sicciores).
456 2141 471 2188 'l
490 2133 611 2204 mugiles
630 2132 733 2203 (-lam
751 2135 789 2202 V)
813 2134 902 2188 VBb:
921 2133 1032 2201 mulir,
1051 2133 1133 2186 mulli

106 2207 169 2261 Gel.
251 2221 350 2259 caseus
368 2210 415 2260 etc.
435 2222 486 2261 one.
502 2207 517 2261 b
532 2208 625 2275 (usque
644 2206 681 2258 ad
699 2223 723 2260 6.
735 2207 788 2274 11).
879 2203 959 2257 8sin
976 2206 1072 2259 vetere
1090 2220 1133 2258 re-

105 2294 176 2331 cens
204 2276 237 2343 V,
258 2275 318 2330 sive
336 2276 365 2329 16
383 2291 479 2330 recens
497 2277 526 2330 Β
545 2276 600 2345 (sin
617 2291 683 2329 vero
702 2293 723 2328 r.
744 2275 847 2344 rGel.).
901 2275 931 2328 in
950 2274 1027 2344 diplo
1047 2275 1132 2345 angio

104 2350 167 2417 (sic)
195 2347 255 2401 VB
268 2347 340 2402 Gel:
369 2363 419 2400 orn.
444 2365 466 2402 r.
486 2349 521 2414 cf.
541 2349 571 2414 I,
585 2351 629 2401 37.
719 2347 815 2400 coctus
842 2345 914 2399 facil
935 2347 992 2414 rV,
1022 2349 1132 2400 coctum

104 2417 226 2488 proficii
244 2418 273 2471 Β
291 2417 377 2486 (lacte
449 2419 530 2472 cocto
549 2417 636 2472 facito
657 2417 734 2486 (161).
808 2422 824 2469 9
844 2424 907 2471 aare
925 2416 1031 2471 scislon
1049 2419 1133 2488 (VB)

104 2491 175 2544 add.
200 2488 260 2543 Gal.
279 2487 374 2543 misce.
465 2488 639 2542 confectione
663 2489 718 2542 VB
729 2488 801 2543 Gel.:
821 2487 980 2542 confectum
997 2508 1019 2544 r.
1075 2489 1132 2559 lap.

105 2558 373 2628 fluvialibusffiel.)
391 2575 426 2614 sc.
446 2558 553 2629 ignitis.
574 2561 608 2627 cf.
630 2559 702 2613 Cass.
718 2576 748 2626 p.
758 2563 825 2622 123,
835 2564 880 2613 18.
937 2565 969 2612 10
984 2560 1133 2629 sic(eliam

105 2633 174 2686 odd.
196 2631 294 2699 rGel.)
318 2629 464 2699 caprinum
487 2630 634 2684 silvestrae
653 2630 745 2697 (—ire
763 2630 791 2682 B
807 2630 876 2698 Gel.)
895 2629 974 2685 fecii.
998 2631 1038 2685 sic
1053 2634 1132 2700 (Gel,

106 2702 131 2756 si
151 2702 211 2770 rB)
231 2716 330 2754 carnes
350 2701 377 2753 d.
396 2718 417 2754 s.
436 2701 513 2755 rVB
524 2703 597 2769 ((611.
617 2699 658 2753 sie
676 2715 779 2769 caprae
798 2699 954 2770 silvestris).
1011 2709 1042 2755 11
1064 2703 1133 2756 dan-

106 2774 162 2828 dae
181 2774 250 2826 sunt
260 2772 354 2841 (Iuvat
367 2774 425 2839 etc.)
440 2772 511 2826 VB:
530 2770 622 2841 magis
641 2772 767 2839 agrestes
788 2771 817 2824 61
834 2771 965 2825 sicciores
980 2773 1134 2840 expediunt

107 2846 181 2911 Gel,
203 2843 230 2897 d.
252 2860 274 2898 s.
294 2844 420 2914 agrestes
440 2843 469 2896 61
487 2841 618 2896 sicciores
638 2841 838 2912 [inveneras.
858 2849 905 2897 616.
924 2860 946 2896 r.
1030 2848 1063 2895 12
1082 2859 1132 2911 pa-

107 2914 227 2969 lumbus
248 2931 285 2968 m.
306 2930 327 2968 s.
352 2914 421 2969 VB:
444 2912 589 2967 columbos
608 2931 645 2967 m.
665 2930 685 2967 s.
704 2931 733 2980 r,
757 2912 880 2966 columbi
897 2911 1019 2965 minores
1039 2914 1054 2967 b
1073 2915 1132 2980 (pa-

107 2985 228 3039 lumbus
243 2983 376 3037 simililer
389 2983 535 3038 columbus
548 2983 625 3053 Gal).
680 2984 774 3036 turtur
792 2985 821 3037 61
838 2984 918 3053 lepus
927 2983 1005 3051 (-os
1019 2983 1057 3051 Β)
1064 2984 1132 3037 VB:

108 3059 239 3109 turtures
263 3054 373 3124 lepores
392 3056 463 3122 Gel.‚
490 3057 613 3109 turtures
637 3054 718 3123 lepus
736 3071 764 3120 r,
787 3054 929 3107 thurtures
949 3053 1018 3121 (col.)
1037 3055 1060 3107 b.

110 3134 144 3180 13
166 3143 255 3194 quam
273 3126 395 3180 rbGel.:
414 3126 548 3180 oerB.
641 3129 675 3177 14
694 3123 848 3178 salivarum
867 3124 925 3179 cei.
945 3140 1007 3176 eum
1024 3130 1052 3177 r⁰
1069 3122 1132 3187 (vil-

109 3198 206 3251 larum
225 3197 324 3266 Neci:
344 3195 480 3250 silvarum
490 3196 545 3250 VB
564 3203 590 3250 et
608 3203 671 3251 acte
689 3212 757 3250 corr.
777 3213 799 3249 r.
872 3193 1017 3247 urinarum
1035 3193 1132 3247 wel:

109 3267 195 3322 urbia
212 3271 216 3334 Ι
233 3283 315 3320 arum
330 3267 361 3336 V,
379 3268 551 3322 urbanarum
564 3267 592 3319 B
614 3282 748 3319 -norum
761 3265 852 3330 Nece).
876 3267 911 3333 cf.
924 3264 1058 3332 Hippocr.
1070 3263 1134 3332 pem

111 3341 196 3393 (116161
210 3340 228 3392 1.
239 3340 282 3393 Π.
298 3339 335 3407 (Ι,
353 3343 410 3393 680
424 3339 515 3406 Dipo.)
533 3339 599 3406 σχεδ
616 3357 633 3391 ν
647 3357 674 3389 τι
691 3335 786 3390 πάντα
803 3335 839 3390 τὰ
853 3336 970 3407 ὀρνίθια
988 3333 1133 3403 ξηρότερα.
1163 3314 1174 3359 ⁴

53 3428 55 3439 ·
113 3409 201 3464 ὁκόσα
220 3408 274 3478 γὰρ
294 3407 391 3462 κύστιν
411 3409 461 3463 οὐκ
482 3407 538 3477 ἔχει
557 3407 620 3462 olive
644 3405 737 3475 οὐρέει
756 3407 819 3461 elice
844 3404 999 3475 σιαλοχοέει
1021 3403 1135 3463 πάντως

115 3480 194 3549 iaed-
