2392 3922
125 181 189 246 332
457 180 802 233 esame-rnuonoru

124 346 154 394 et
176 339 277 393 exinde
301 341 415 406 cyatum
440 356 527 391 unum
544 336 626 406 potui
645 338 721 392 dato.
749 337 847 392 vinum
865 335 916 390 ubi
934 336 1001 405 pira
1019 334 1133 406 agrestia

124 419 228 473 fuerint
262 419 386 484 dococta,
414 419 496 487 potui
524 419 600 473 dato.
634 420 744 471 murtae
773 433 872 470 sucum
893 415 978 484 potui
1006 416 1085 484 dato,
1108 416 1133 468 et

123 498 221 552 vinum
244 497 294 551 ubi
323 499 443 552 eandem
470 501 594 551 murtam
620 495 772 551 decoxeris.
801 495 965 563 iuniperum
986 493 1086 548 tritum
1105 511 1132 547 ex

124 578 191 631 vino
210 577 291 646 nigro
311 594 473 646 expressum
486 577 568 646 potui
587 578 663 631 dato.
690 575 755 630 rubi
769 592 864 644 cymas
879 573 909 627 in
923 573 992 628 vino
1013 574 1133 628 decoctas

98 658 249 712 sedendas
270 658 359 712 dabis.
386 658 432 711 vel
451 657 544 726 ipsum
561 656 659 710 vinum
676 658 808 725 potatum
826 653 934 723 optime
952 653 1034 709 facit.
1059 653 1133 706 ficata

126 737 251 790 omnium
269 754 362 791 rerum
381 741 478 791 assata
493 739 522 791 et
536 736 615 791 edita
632 739 761 790 ventrem
779 734 932 804 stringunt.
959 734 1077 787 ficatum
1092 734 1133 786 bu·

124 816 223 870 bulum
242 834 380 886 expurges
400 819 429 871 et
448 817 479 869 in
497 819 578 871 aceto
594 815 728 869 infundas
748 818 778 869 et
797 831 893 868 assum
914 813 947 867 in
970 813 1036 868 cibo
1056 812 1133 867 dabis.

125 896 178 950 hoc
189 899 219 950 et
228 897 396 966 sanguinem
410 895 612 950 assellantibus
621 895 699 949 facit.
720 895 817 948 fimum
830 893 1029 948 columbinum
1042 893 1134 947 siccum

125 976 226 1031 tritum
244 995 308 1031 cum
325 978 393 1032 vino
411 976 493 1046 potui
512 977 588 1029 date.
616 974 716 1029 turdus
736 977 848 1028 assatus
872 973 933 1028 sive
954 973 1066 1027 merula
1083 989 1134 1042 gra·

86 1073 112 1110 10
126 1057 273 1112 vissimum
291 1058 397 1112 ventris
416 1057 519 1111 vitium
537 1055 621 1110 sistit.
650 1053 791 1107 hircinum
809 1053 887 1107 iecur
905 1051 1015 1106 siccum
1034 1070 1070 1107 ex
1086 1049 1135 1106 vini

131 1140 161 1191 a
174 1138 201 1190 ΙΙ
220 1139 257 1191 ad
275 1138 418 1192 heminam
438 1137 585 1190 decoctum
603 1134 693 1188 bibat.
718 1132 869 1202 coagulum
893 1132 1000 1201 leporis
1025 1131 1136 1201 inpane

127 1216 309 1270 commixtum
332 1217 363 1270 in
386 1216 449 1270 cibo
479 1217 577 1269 datum
604 1213 723 1267 mirifice
748 1212 825 1266 facit.
854 1211 901 1266 fici
928 1211 1002 1266 folia
1030 1212 1062 1265 in
1089 1209 1136 1264 sole

127 1295 234 1349 siccata
257 1297 327 1350 trita
350 1299 380 1350 et
403 1296 433 1348 in
455 1295 601 1364 pulverem
618 1292 816 1347 tenuissimum
834 1291 953 1346 redacta
976 1291 1008 1345 in
1031 1291 1137 1361 potione

127 1375 203 1439 dato,
223 1375 353 1442 quamvis
374 1374 559 1442 dyssenterici
578 1376 607 1427 et
626 1373 744 1427 coeliaci
761 1371 911 1427 amedicis
929 1371 990 1424 sint
1010 1369 1138 1435 derelicti,

86 1466 112 1506 15
127 1452 248 1505 salutem
266 1454 407 1507 restituet.
435 1453 534 1522 paleas
553 1453 584 1506 in
602 1470 670 1507 vase
689 1453 835 1506 combures
852 1453 882 1505 et
895 1450 985 1505 facies
1004 1450 1140 1504 hominem

126 1534 289 1600 coopertum
312 1534 506 1601 supersedere,
527 1535 560 1585 ut
583 1532 692 1586 fumum
715 1549 750 1586 ex
768 1531 838 1600 ipsis
862 1532 1003 1599 quantum
1022 1528 1141 1600 potuerit

126 1610 229 1678 capiat.
258 1629 323 1665 mox
342 1612 475 1681 stringet,
498 1611 601 1665 mirum
620 1615 671 1666 est.
700 1612 753 1666 hoc
776 1610 889 1680 saepius
913 1609 1012 1664 facito.
1043 1610 1141 1664 herbae

125 1690 341 1760 proserpinacae
370 1709 467 1745 sucum
496 1708 587 1759 aequa
615 1708 747 1745 mensura
779 1709 843 1744 oum
875 1689 950 1744 aceti
979 1690 1074 1758 cyatis
1096 1688 1143 1743 llll

126 1768 237 1823 ieiunus
255 1786 338 1823 mane
357 1773 387 1824 et
406 1787 467 1824 sero
486 1770 577 1838 bibat,
596 1788 662 1825 mox
680 1789 766 1825 sanus
785 1769 931 1825 efficietur.
960 1769 1016 1824 hoc
1036 1774 1067 1824 et
1086 1787 1143 1823 san-

87 1867 113 1906 20
127 1848 242 1918 guinem
256 1849 459 1904 assellantibus
474 1850 551 1906 facit.
577 1851 602 1904 si
615 1867 682 1905 vero
697 1867 732 1905 ex
746 1867 780 1904 ea
793 1849 910 1918 potione
924 1865 983 1902 non
1001 1848 1145 1904 strinxerit

128 1929 252 1998 sanguis,
266 1930 409 1984 morietur.
429 1930 482 1983 hoc
492 1932 521 1984 et
536 1931 573 1984 ad
586 1930 796 1984 haemorroides
810 1929 888 1984 facit.
908 1928 979 1983 item
993 1929 1033 1982 ad
1047 1929 1145 1998 ipsum.

129 2009 180 2079 1(p.
190 2014 255 2078 125)
280 2010 354 2064 lauri
377 2011 463 2064 bacas
482 2028 598 2064 numero
616 2011 756 2078 XLVIlII,
776 2009 881 2078 cymini
900 2008 958 2063 581
977 2009 1065 2062 simul
1079 2008 1145 2063 teris

128 2090 239 2141 etcum
263 2091 343 2142 aceto
368 2092 509 2158 temperas
532 2089 563 2142 in
585 2091 701 2144 modum
722 2087 918 2159 malagmatis,
943 2091 973 2143 et
995 2088 1093 2143 ventri
1115 2105 1145 2142 ac

129 2168 274 2221 stomacho
293 2169 414 2238 impone,
434 2173 463 2223 et
482 2170 637 2224 sanabitur.
666 2170 792 2239 lapidem
809 2171 935 2238 gagaten
953 2167 985 2220 in
1003 2167 1068 2222 vini
1092 2168 1147 2222 al

88 2264 113 2302 25
128 2263 230 2314 coques
255 2251 284 2301 et
311 2249 393 2318 potui
421 2249 511 2304 dabis.
541 2250 630 2304 herba
658 2250 831 2319 polygonum
858 2248 958 2303 viridis
984 2248 1057 2302 trita
1086 2266 1148 2302 cum

128 2344 202 2393 aqua
221 2328 320 2396 tepida
337 2333 460 2398 potetur,
479 2331 585 2383 bonum
603 2333 654 2384 est.
683 2329 753 2384 item
765 2329 892 2399 puleium
910 2329 1148 2382 commanducato

128 2409 157 2458 et
176 2407 310 2461 umbilico
332 2409 478 2477 imponito.
508 2412 651 2463 senectam
674 2409 813 2479 serpentis
837 2426 900 2462 cum
922 2424 1040 2462 rosaceo
1067 2409 1148 2461 deco·

128 2484 207 2550 quito
226 2485 256 2538 in
274 2503 341 2540 vase
362 2491 488 2556 stagne0,
508 2491 537 2541 et
555 2489 647 2543 ventri
666 2489 781 2558 illinito‚
799 2489 951 2559 probatum
970 2495 1021 2542 est.
1058 2489 1148 2559 [Haec

128 2563 223 2615 omnia
243 2566 382 2619 stomachi
400 2567 474 2620 vires
493 2567 644 2624 nutriunt.
661 2613 667 2624 .
683 2613 688 2624 .
705 2571 752 2625 Pr.

88 2685 113 2724 30
288 2670 335 2724 Ad
348 2673 386 2725 id.
401 2673 444 2739 H,
459 2677 493 2726 31
510 2678 588 2743 (104)
601 2708 634 2714 -
644 2678 699 2732 oid.
719 2679 757 2732 ad
775 2684 877 2732 tectam
896 2675 983 2729 Prisc.

288 2786 335 2841 Ad
349 2788 391 2855 ΙΙ,
406 2792 442 2842 32
458 2794 538 2858 (108)
557 2791 604 2845 De
623 2785 826 2862 hydropicis
847 2792 895 2860 (od
913 2792 984 2858 fot).

200 2875 325 2945 [Stercus
349 2876 541 2931 columbinum
559 2880 616 2949 31,
642 2885 724 2935 rutae
747 2881 862 2935 seminis
880 2879 938 2940 ,ΞΠ
956 2878 987 2931 in
1006 2877 1147 2947 oxymelle

130 2955 228 3008 datum
245 2957 441 3025 purgatorium
458 2958 551 3012 maius
570 2961 634 3031 est]
663 2960 823 3016 Cucumeris
843 2958 967 3011 silvatici
980 2957 1021 3012 lib
1036 2959 1050 3011 I
1065 2959 1083 3012 S
1099 2959 1147 3011 de-

129 3051 232 3103 coques
256 3036 286 3089 in
310 3037 368 3090 olla
390 3055 464 3091 nova
487 3039 518 3091 in
541 3039 602 3093 vini
626 3040 683 3094 ssi
702 3039 767 3093 ott
791 3037 828 3090 ad
850 3036 964 3104 tertias,
991 3040 1021 3091 et
1044 3037 1146 3092 exinde

90 3129 116 3168 35
130 3115 271 3182 paulatim
285 3120 386 3186 sumat,
407 3120 435 3171 et
450 3119 571 3188 sorbeat,
586 3117 670 3171 nimis
684 3115 860 3186 purgabitur.
880 3114 982 3168 lotium
997 3134 1147 3186 caprarum

202 3263 403 3327 7expurges?:
423 3259 544 3328 apungis
563 3262 586 3313 b.
679 3263 712 3310 10
730 3255 849 3324 hyrcinr'r
863 3258 886 3310 t,
961 3263 995 3310 14
1010 3257 1107 3312 ciliaci
1121 3261 1145 3313 b.

129 3332 162 3378 15
178 3329 318 3382 comburis
338 3331 360 3384 b.
453 3334 485 3381 18
506 3329 574 3382 Suc⁹
592 3335 629 3381 afr
648 3329 786 3383 ou...o.
878 3332 912 3379 19
931 3326 1027 3381 ieiuno
1048 3332 1071 3383 b.

128 3403 162 3449 20
182 3398 328 3453 strinxerit
348 3402 410 3467 (sic)
430 3402 453 3453 b.
527 3407 560 3454 21
581 3399 753 3453 emorroidas
768 3400 791 3452 b.
865 3403 899 3450 22
919 3397 980 3451 auri
1001 3401 1072 3459 (siae
1092 3403 1143 3454 litt.

127 3468 179 3533 ia.)
200 3471 223 3520 b.
325 3475 358 3522 23
377 3469 561 3538 malagmeb.
653 3475 688 3522 24
705 3469 772 3522 vino
792 3471 814 3522 b.
900 3474 934 3521 25
952 3468 1101 3537 poligonia
1120 3473 1143 3524 b.

128 3537 157 3588 et
176 3553 240 3589 cum
258 3541 281 3592 b.
356 3546 389 3592 26
408 3538 554 3607 pulegium
573 3543 596 3594 b.
670 3545 705 3592 34
722 3538 790 3593 vino
810 3541 833 3594 b.
