2392 3924
144 157 212 220 480
550 157 757 208 vrunrcnuu
953 137 956 140 ⁴
1185 40 1194 375 Ι

482 314 580 369 XXXI.
599 315 645 368 De
664 312 815 368 matrice.

216 403 321 457 Matrix
340 406 436 457 autern
459 403 589 457 involuta
609 405 653 458 est
676 403 803 471 etipsa,
830 405 862 456 ut
885 419 971 472 supra
995 402 1071 456 dicta
1088 402 1149 456 inte·

144 484 234 552 rania,
253 484 396 551 habetque
415 483 587 553 positionem
606 483 688 552 quasi
707 482 854 537 cucurbita
868 481 1056 551 medicinalis,
1074 483 1150 535 habeb
1173 518 1190 564 4

145 567 174 618 et
192 563 303 617 tunicas
317 565 379 632 IIII,
399 564 509 618 duabus
527 563 605 616 intus
623 579 757 617 nervosas
782 565 811 616 et
834 560 921 615 aforis
940 579 1080 617 carnosas.
1106 560 1151 615 ori-
1174 596 1191 652 5

118 660 131 699 5
145 643 240 697 ficium
257 643 394 713 puellaris
413 646 458 698 est
477 643 631 712 digitorum
644 643 692 710 VI,
711 642 762 696 ubi
780 642 937 712 iunguntur
955 658 1045 696 venae
1063 643 1151 696 dextra

145 723 273 792 levaque,
292 740 344 792 per
358 740 428 791 quas
447 723 579 777 mulieres
599 722 809 793 spermatizant‚
829 738 899 790 quas
914 722 993 792 greci
1012 722 1099 777 cerias
1112 738 1152 776 vo·

145 808 219 859 cant.
249 805 298 858 sed
322 803 454 858 similiter
476 803 582 859 femina
605 802 753 857 testiculos
777 801 922 856 continere
947 819 977 857 se
1000 819 1058 856 non
1078 801 1151 856 huius
1176 823 1194 868 4

144 884 316 954 positionem
343 885 463 954 habent,
487 889 519 938 ut
542 883 623 951 viris,
653 883 703 937 sed
726 881 848 936 minores
877 884 907 935 et
932 881 1083 937 molliores.
1111 880 1153 934 scd
1176 900 1194 954 g

145 968 241 1019 tamen
259 967 363 1034 parant
380 964 457 1019 viris.
1177 959 1181 967 '

79 1102 91 1116 “
106 1105 132 1143 ro
334 1096 336 1102 '
501 1087 613 1141 XXXII.
631 1086 678 1141 De
696 1086 808 1141 'vulva

218 1177 335 1232 Constat
354 1194 420 1247 ergo
439 1193 526 1230 unam
544 1175 684 1230 rationem
697 1191 759 1230 esse
772 1174 885 1229 feminis
905 1177 935 1228 et
953 1174 1094 1242 masculis,
1111 1172 1154 1227 sed
1177 1165 1194 1259 ff

144 1257 277 1311 mulieres
291 1256 407 1311 vulvam
421 1256 529 1310 habent
547 1272 611 1309 curn
624 1255 729 1309 tunicis
739 1255 819 1309 111101
831 1254 919 1309 vulva
928 1254 1022 1324 prima
1036 1253 1081 1308 oui
1097 1253 1153 1307 sub·
1177 1262 1194 1301 :·

145 1335 241 1390 iacent
258 1337 448 1404 membranae,
468 1352 522 1404 que
541 1335 688 1390 continent
710 1335 812 1403 fetum,
836 1335 913 1403 quod
935 1334 1014 1404 greci
1033 1332 1154 1404 genicion

145 1414 247 1483 colpon
275 1419 391 1484 vocant,
420 1417 473 1470 hoc
499 1418 542 1470 est
564 1414 701 1469 feminum
724 1414 824 1469 sinum.
855 1431 924 1468 nam
950 1415 1092 1484 quomodo
1117 1414 1154 1466 est

106 1507 132 1548 15
145 1495 264 1548 masculi
283 1498 432 1564 veretrum,
453 1496 492 1550 sic
508 1499 537 1551 et
550 1495 634 1550 vulve
649 1495 760 1550 collum.
779 1494 865 1549 vulva
879 1494 1051 1548 naturaliter
1068 1491 1153 1547 mollis
1178 1524 1194 1569 4

145 1577 196 1628 est.
217 1576 329 1628 constat
347 1575 482 1629 tuniculis
501 1575 682 1644 firmissimis,
702 1574 824 1629 exterius
844 1591 976 1643 carnosa,
1000 1573 1077 1629 intus
1096 1587 1154 1627 vero
1178 1574 1194 1657 ᾖ

144 1670 264 1708 nervosa
287 1655 339 1709 hec
363 1655 541 1725 superposita
565 1657 609 1710 est
632 1655 740 1709 duecto
763 1653 908 1709 intestino.
937 1654 1022 1708 huius
1046 1651 1153 1708 cervicis
1178 1661 1182 1672 ·

144 1735 191 1789 vel
210 1735 340 1789 cornuin
354 1735 445 1789 tribus
460 1735 646 1790 foraminibus
659 1735 815 1805 porrigitur
828 1751 917 1804 usqne
933 1736 971 1789 ad
984 1735 1153 1804 longaonem,

144 1814 175 1868 in
194 1832 312 1884 quares
331 1815 460 1870 venerias
478 1815 630 1884 perficitur.
654 1815 741 1869 vulva
761 1817 857 1868 autern
875 1814 1007 1869 involuta
1024 1817 1070 1869 est
1090 1814 1154 1867 inte·

105 1909 131 1947 ao
145 1895 239 1948 rancis
263 1894 391 1949 subiecta
414 1895 561 1965 ipsamque
584 1898 684 1949 tenens
707 1894 848 1962 vissicam,
868 1893 918 1962 qui
936 1894 1060 1948 multum
1072 1893 1102 1947 in
1116 1892 1154 1946 his

144 1975 215 2030 locis
234 1975 331 2030 laxum
348 1975 458 2029 miserit
480 1974 701 2043 tenerissimum,
725 1991 781 2043 quo
804 1973 917 2028 facilius
942 1977 1062 2044 accepta
1080 1971 1154 2027 susti·

144 2059 221 2120 nent,
241 2055 345 2109 lumbis
365 2056 502 2109 adherens
526 2055 693 2110 firmissime.
715 2054 806 2125 partis
829 2053 913 2107 huius
933 2054 1029 2108 cervix
1048 2051 1154 2124 gracilis

146 2139 197 2204 est,
216 2135 264 2188 vix
283 2152 427 2190 accessum
441 2135 555 2190 seminis
568 2152 620 2204 per
638 2135 730 2189 huius.
750 2135 800 2188 sed
814 2133 864 2187 ubi
878 2137 994 2202 parturn
1010 2132 1155 2188 maturitas

146 2218 246 2269 evocat
264 2216 349 2284 intus,
368 2218 430 2269 tum
446 2215 530 2285 patit,
549 2218 582 2268 ut
599 2214 693 2269 nervis
712 2214 778 2268 inde
794 2212 1011 2267 descedentibus
1026 2215 1060 2267 nt
1073 2210 1155 2283 possit

105 2305 131 2345 25
144 2295 338 2350 transmittere
365 2295 518 2364 infantem,
547 2311 697 2362 rursusque
724 2293 755 2347 in
782 2293 859 2364 ipsas
887 2293 1037 2363 angustias
1066 2291 1153 2348 coerit.

145 2374 231 2429 index
248 2375 315 2429 huic
333 2374 428 2444 posita
447 2377 503 2444 est,
528 2377 561 2428 nt
579 2373 670 2444 possit
688 2374 856 2444 sanguinem
873 2374 1002 2427 futurum
1021 2373 1153 2427 amittere.

217 2546 417 2606 1XXXIIIP.
490 2554 531 2607 tit.
551 2554 622 2606 deest
642 2551 674 2606 G.
748 2549 908 2605 aintrania
927 2550 960 2605 P.
1040 2550 1155 2604 3habet

144 2640 198 2693 qus
217 2622 440 2692 propositionem
458 2640 528 2690 quas
550 2624 582 2678 G.
691 2625 863 2690 squattuor
882 2621 915 2676 G.
1026 2621 1105 2675 intus
1122 2621 1154 2673 P:

143 2709 210 2747 vero
229 2693 262 2747 G.
319 2699 334 2745 5
354 2710 403 2748 sex
418 2694 444 2748 G
459 2696 594 2762 (arctioris
612 2695 719 2764 quidem
737 2695 772 2760 cf.
791 2711 878 2762 supro
887 2693 918 2747 V.
926 2696 984 2760 15).
1039 2709 1111 2765 venp
1126 2690 1153 2744 G.

144 2764 229 2818 ierias
251 2764 283 2819 G.
358 2764 466 2819 cviros
488 2765 521 2819 G.
609 2771 643 2818 10
661 2764 798 2819 XXXIIH.
817 2765 850 2819 P.
925 2768 958 2816 12
978 2762 1106 2818 mulieris
1125 2761 1153 2815 G.

144 2836 232 2890 habet
253 2836 285 2891 G.
358 2853 422 2890 cum
441 2853 491 2890 om.
513 2836 545 2891 G.
618 2834 721 2890 tonicis
741 2836 773 2890 P.
851 2836 988 2902 quattuor
1008 2835 1042 2889 G.
1114 2830 1154 2886 cui

145 2907 200 2960 sibi
219 2907 313 2961 iacent
325 2906 358 2962 G.
410 2912 443 2959 13
462 2907 623 2961 membrana
634 2907 666 2961 G.
722 2924 777 2979 que
790 2905 824 2960 G.
879 2907 1033 2959 contenent
1044 2906 1077 2974 Ρ,
1096 2921 1154 2958 con·

144 2978 217 3032 tinet
238 2979 271 3033 G.
344 2977 422 3050 greci
443 2978 475 3032 G.
549 2977 675 3047 gericion
696 2977 729 3032 G.
803 2981 837 3030 14
856 2992 955 3030 senum
974 2976 1007 3031 P.
1072 2981 1104 3030 15
1119 2974 1152 3028 sic

144 3050 235 3102 estet
256 3049 289 3103 G.
362 3048 446 3121 vulve
468 3048 500 3104 G.
575 3055 608 3102 16
627 3049 704 3102 intus
722 3064 842 3102 nervosa
862 3050 905 3101 est
925 3047 1104 3117 superposita
1116 3046 1152 3098 in·

143 3119 249 3173 testino
270 3120 303 3174 G.
377 3125 410 3172 18
429 3137 529 3174 cornus
544 3121 576 3174 P.
631 3119 791 3188 porregitur
809 3119 842 3173 P.
897 3118 1015 3186 longam
1028 3135 1110 3174 ovem
1124 3115 1150 3170 G.

144 3197 177 3244 19
196 3191 346 3258 perficetur
364 3192 396 3245 P.
447 3190 601 3245 interanies
617 3191 649 3245 P.
709 3196 743 3244 20
762 3189 890 3243 subiecta
908 3189 940 3244 G.
997 3189 1114 3259 ipsaque
1124 3187 1150 3239 P.

144 3265 176 3313 21
192 3260 288 3314 laxum
305 3261 415 3315 miserit
436 3262 473 3316 G:
492 3262 538 3316 lac
557 3260 728 3316 summiserit
746 3261 778 3315 P.
888 3262 1036 3314 sustenent
1055 3261 1088 3315 P.

144 3338 177 3384 22
196 3330 308 3386 lumbus
330 3333 363 3387 G.
450 3339 484 3386 23
503 3337 547 3387 est
565 3350 615 3387 om.
638 3333 670 3387 G.
726 3347 840 3386 accessu
862 3331 895 3386 G.
950 3348 1003 3401 per
1019 3330 1103 3384 huius
1118 3329 1149 3381 P:

141 3418 192 3469 per
210 3420 297 3455 unum
317 3404 349 3458 G.
406 3408 440 3456 24
458 3406 520 3457 turn
538 3422 587 3459 om.
610 3403 642 3458 G.
698 3402 782 3456 asin
800 3419 850 3458 om.
868 3403 902 3458 G.
958 3408 993 3456 26
1005 3401 1072 3455 inde
1091 3401 1149 3453 duro

135 3471 235 3541 posita
254 3477 299 3529 est
311 3474 403 3546 possit
418 3476 545 3545 (lomna)
562 3491 657 3528 semen
670 3473 813 3528 continere
830 3473 856 3527 G
870 3475 973 3544 (itaque
992 3471 1148 3541 sangninem

131 3546 265 3618 —possit
285 3550 358 3621 om).
567 3565 569 3568 ·
