2392 3924
291 180 569 233 ANTIDOTARIUM
585 180 854 232 BRUXELLENSE.
1015 177 1083 244 373

161 343 208 402 Ad
235 343 436 422 hydropem.
468 344 553 405 vituli
580 344 704 404 masculi
736 351 866 405 stercore
900 364 967 406 cum
1000 351 1083 406 aceto

70 434 133 493 acri
161 434 308 511 permixto
337 435 432 511 spisse
459 440 562 494 venter
589 433 738 493 liniendus
767 440 825 515 est,
857 435 897 494 ita
924 442 1023 495 tamen
1051 441 1084 495 ut

70 529 138 582 ante
163 523 228 600 ipse
250 521 430 600 hydropicus
453 528 515 582 toto
539 540 662 601 corpore
686 522 870 600 dropacetur.

160 610 209 670 Ad
227 610 428 689 hydropem,
452 610 558 690 squilla
572 611 603 670 id
621 617 668 671 est
682 610 790 672 bulbus
808 614 913 691 prunis
932 611 978 672 vel
997 613 1083 671 lurno

70 707 197 779 assatur,
221 698 328 758 deinde
348 702 604 779 circumpurgatur
627 706 656 760 et
678 699 821 760 medietas
845 701 979 761 eiusdem
1001 699 1084 761 bulbi
1111 713 1124 754 0

70 792 103 848 in
132 806 207 865 aqua
239 789 384 865 coquitur.
417 796 610 868 posteaquam
642 789 796 867 coquendo
829 789 958 849 colorem
990 796 1084 850 muta-

70 879 162 958 verit,
189 875 311 937 tollitur.
342 896 379 937 ex
403 896 460 956 quo
488 877 578 938 bulbo
607 877 754 957 scripulus
781 895 859 938 unus
887 885 917 938 et
937 877 1085 938 'dimidius

70 968 180 1026 teritur
208 983 275 1024 cum
303 966 438 1045 oxymeli.
470 966 566 1027 tribus
599 969 691 1045 cyatis
722 965 896 1026 calefactum
923 965 1085 1026 hibendum

70 1056 167 1116 datur.
192 1072 310 1114 omnem
334 1054 530 1115 calamitatem
552 1073 607 1134 per
629 1057 746 1117 urinam
769 1061 898 1116 evacuat.

161 1142 209 1202 bd
232 1143 433 1222 hydropem.
462 1143 625 1203 lomentum
648 1143 794 1204 sabacium
817 1143 893 1204 bene
917 1149 1031 1203 cretum
1055 1149 1085 1203 et
1099 1157 1125 1196 10

70 1236 190 1294 cineres
205 1232 242 1292 dc
261 1231 432 1292 fornacibus
451 1235 561 1311 optime
581 1240 678 1293 cretos
693 1235 796 1313 aequis
813 1231 996 1313 ponderibus
1014 1231 1085 1292 adu-

70 1330 157 1383 natos
181 1323 213 1380 in
241 1339 316 1398 aqua
344 1320 523 1382 calidissima
550 1324 722 1400 conspergis
746 1328 775 1382 et
801 1321 874 1382 lacis
898 1330 1032 1382 cerotum
1053 1322 1086 1381 in

70 1410 193 1472 modum
215 1408 439 1488 cataplasmatis.
463 1410 580 1471 inducis
602 1413 709 1491 pannis
728 1410 852 1493 duobus,
875 1413 916 1471 ita
938 1418 971 1471 ut
994 1427 1087 1470 unum

70 1499 180 1560 babeat
195 1501 295 1558 inante
311 1506 340 1558 et
355 1498 480 1559 alterum
495 1506 601 1560 arctro.
622 1517 740 1560 omnem
759 1500 954 1561 calamitatem
972 1501 1085 1560 umoris
1141 1500 1143 1507 ⁴

71 1595 126 1648 aut
149 1606 202 1666 per
224 1587 359 1665 peditum
383 1587 491 1666 digerit
515 1595 564 1648 aut
587 1606 641 1667 per
665 1590 790 1649 urinam.
1100 1601 1125 1642 1⁵

165 1676 211 1736 nd
230 1675 437 1757 hydropem,
457 1677 536 1755 quod
553 1680 729 1737 monstravit
751 1677 933 1756 Leoparda
952 1677 989 1737 de
1008 1676 1105 1756 lupo,

72 1766 100 1824 si
124 1765 187 1823 viro
211 1765 247 1825 de
266 1764 406 1847 masculo,
431 1767 457 1824 si
474 1765 593 1826 mcdieri
616 1765 653 1825 de
672 1765 740 1846 lupa
761 1765 925 1825 remedium
943 1764 1085 1825 faciendo.

70 1873 126 1914 cor
151 1872 217 1913 seca
240 1860 336 1914 totum
359 1861 389 1914 et
411 1853 576 1933 pulmones.
606 1856 705 1914 omnia
732 1855 820 1914 simul
848 1853 1018 1934 comburas,
1045 1854 1087 1912 ita

70 1951 105 2004 ut
130 1942 275 2002 carbones
298 1944 378 2003 liant.
403 1961 478 2022 quae
501 1945 568 2024 teri,
594 1945 678 2003 cerni
699 1942 730 2002 id
754 1950 800 2003 cst
822 1941 979 2022 cribellari,
1003 1942 1087 2000 etin

70 2031 227 2111 pulverem
250 2031 346 2110 redigi
370 2031 479 2092 debent
502 2039 532 2092 ct
554 2033 648 2091 vitreo
673 2033 784 2091 servari
803 2032 923 2109 signata.
948 2047 1016 2089 cum
1034 2047 1086 2089 ne·
1100 2044 1126 2083 20

72 2139 158 2180 cesse
182 2120 281 2200 luerit,
304 2122 406 2181 vinum
428 2119 549 2201 bonum,
572 2119 624 2180 sed
642 2138 704 2179 non
721 2126 815 2199 vetus,
836 2120 930 2179 mittis
949 2119 980 2178 in
999 2116 1087 2177 ollam

71 2208 196 2269 fictilem
219 2227 338 2291 novam,
366 2210 455 2269 etde
478 2209 577 2289 prdeio
602 2207 680 2287 quod
708 2209 788 2268 lumo
811 2215 923 2268 tactum
949 2213 1088 2287 nonest,

70 2300 166 2359 facies
197 2298 386 2379 fasciculum,
418 2305 447 2358 et
475 2304 511 2358 ex
543 2316 578 2358 eo
606 2297 678 2358 lacis
711 2298 816 2376 agitari
847 2299 946 2377 ipsum
976 2297 1087 2356 vinum.

70 2394 267 2468 posteaquam
290 2386 490 2468 pcrbullierit,
513 2386 604 2446 lacios
627 2388 792 2469 potionem,
816 2393 845 2446 et
867 2385 1012 2466 tepefacta
1034 2402 1087 2465 po·

70 2478 156 2536 tione
180 2474 313 2535 cocleare
336 2475 457 2555 plenum
487 2475 617 2554 pulveris
641 2475 693 2536 das
716 2474 819 2536 bibere
842 2477 871 2535 ci
894 2476 945 2554 qui
968 2476 1087 2555 patitur,
1101 2484 1127 2526 ²⁵

70 2583 128 2644 per
152 2564 293 2623 triduum.

165 2651 212 2711 Ad
235 2652 434 2733 hydropem,
459 2652 536 2731 quod
555 2655 730 2715 monstravit
748 2670 837 2713 uxor
860 2650 1087 2712 nomencula-

70 2742 176 2802 toris.
205 2742 236 2799 in
264 2739 351 2801 ollam
379 2741 500 2802 fictilem
526 2760 631 2802 novam
658 2743 754 2801 mittis
781 2759 870 2802 unam
896 2740 1027 2800 radicem
1050 2739 1088 2798 de

70 2837 158 2891 costo
183 2836 213 2889 et
236 2829 272 2890 de
292 2830 361 2891 lolio
380 2829 557 2891 malobathri
579 2837 641 2891 tres
661 2829 796 2891 surculos
815 2846 934 2908 grossos
954 2828 1087 2887 0013301-

70 2918 176 2981 culum
205 2921 257 2996 qui
283 2919 320 2978 de
353 2918 471 2998 publico
504 2921 563 2979 emi
591 2918 680 2978 dehet
706 2917 835 2978 feniculi.
864 2916 989 2976 bulliant
1014 2914 1087 2974 haec
1101 2927 1128 2967 ³⁰

71 3009 176 3068 omnia
198 3009 231 3066 in
254 3007 310 3068 0113
333 3014 480 3086 cooperta.
504 3026 539 3067 ex
564 3025 599 3067 eo
622 3025 707 3067 mane
726 3024 816 3066 unam
837 3007 988 3083 potionem
1006 3001 1088 3062 bibat

71 3105 104 3158 et
129 3114 197 3156 sero
222 3115 279 3174 qua
302 3095 374 3157 hora
398 3115 430 3157 se
454 3095 578 3156 collocat
600 3114 697 3156 unam.

166 3185 214 3244 hd
228 3184 421 3265 hydropem
435 3187 516 3263 potio
527 3187 759 3263 experimentata
769 3181 944 3243 Cornelio.
965 3177 1090 3259 squillae

147 3341 165 3388 4
188 3336 286 3405 prunis
309 3337 368 3393 vel:
395 3336 544 3407 pruinosus
567 3338 629 3405 (sic)
649 3337 677 3390 B
696 3334 759 3405 (sub
786 3333 884 3405 prunis
908 3334 967 3404 ed).
992 3333 1026 3401 cf.
1042 3335 1087 3389 38.

73 3415 90 3464 8
111 3407 245 3463 oximelle
263 3408 300 3464 B.
410 3414 442 3462 15
460 3408 565 3476 pedum
584 3410 646 3477 (sic)
666 3408 693 3462 B
713 3408 774 3476 (ubi
791 3423 876 3460 anum
893 3421 961 3462 corr.
981 3406 1042 3474 ed),

73 3478 382 3619 {pamenepplatoris
398 3482 460 3548 (sic)
475 3480 511 3534 B.
562 3484 595 3533 29
614 3478 772 3534 maiobalro
788 3480 850 3548 (sic)
865 3478 901 3534 B.
964 3481 998 3532 30
1012 3476 1088 3545 quod
