2392 3922
479 190 668 244 GYNAEGIA.
1015 189 1083 254 455

61 347 387 420 ceptus[inspirante
415 347 510 402 bilico.
535 349 565 402 et
586 347 658 402 facit
679 363 733 402 res.
763 346 793 400 in
833 349 914 402 utero
954 351 1082 402 materno

62 420 124 475 deo
148 418 286 488 accipit
313 418 387 474 ani·
414 417 446 472 in
467 418 522 472 hoc
550 421 595 473 est
620 435 736 488 congre·
762 422 952 489 congregatur
974 419 1005 472 in
1022 437 1083 473 um-

62 491 169 562 mam]
196 489 258 546 IIII.
291 505 387 545 mense
414 489 494 559 gotio
515 489 670 559 sanguinis.
693 505 735 543 se·
761 488 888 559 bilicum,
912 489 943 543 in
965 489 1020 544 hoc
1039 493 1083 545 est

62 560 186 631 ungulas
220 560 327 642 accipit
358 563 388 615 et
415 560 508 614 cundo
548 576 644 614 mense
688 576 735 614 ex·
762 560 953 630 congregatio.
984 578 1083 616 secun-

62 635 172 687 motum
205 631 313 702 accipit
344 631 387 684 in-
413 631 522 701 pressio
537 631 661 714 corporis
674 631 735 685 ani-
762 631 798 685 do
817 647 913 686 mense
939 632 1081 702 expressio

61 702 302 758 fanshabeo.lIlI.
310 718 386 757 men·
414 719 491 756 mam
510 701 620 757 tribuit.
648 702 734 756 tertio
762 704 806 756 est
833 702 965 772 corporis
996 704 1083 759 tertio

62 772 261 829 senausiatur.
270 773 304 829 V.
312 790 385 828 men.
413 788 509 826 mense
523 773 629 842 ungule
648 775 734 840 atque
761 789 865 842 mense,
893 773 961 842 quia
988 775 1082 844 priore

62 861 91 900 se
128 843 203 899 facit
239 845 387 899 cataracta
414 843 512 913 capilli
530 846 692 898 nascuntur.
705 845 735 898 et
761 842 915 898 formatum
942 848 991 900 est
1022 863 1082 900 cor·

63 914 108 970 cui
123 913 228 969 similis
242 915 299 969 erit
309 915 387 986 patri
414 917 523 969 motum
540 914 612 968 facIt
630 913 732 969 infans.
760 931 822 983 pus,
838 914 1008 970 eitribuitur
1021 917 1082 971 ani-

62 988 113 1040 eut
125 984 221 1041 matri.
232 985 280 1041 VI.
289 1002 386 1041 mense
413 985 534 1054 ideoque
544 985 734 1040 etIlIImense
760 1001 815 1039 ma.
851 987 953 1054 quarto
985 1004 1082 1041 mense

62 1056 267 1111 confirmantur
297 1057 385 1113 nervi.
413 1055 579 1110 mulieribus
588 1055 733 1109 nausicefi-
760 1072 869 1125 ungues
911 1055 1016 1127 accipit
1052 1061 1082 1112 et

61 1127 152 1182 vum
165 1144 263 1182 mense
278 1127 386 1183 consoli
412 1128 465 1181 unt
484 1128 561 1196 quod
574 1126 652 1197 greci
665 1143 733 1182 ana·
761 1125 879 1196 capillos
890 1126 977 1195 ducit,
986 1131 1015 1182 et
1022 1144 1081 1181 mo-

63 1197 386 1268 ‹lenturidestaequan-
413 1197 733 1266 raxionvocant.quinto
760 1199 822 1250 tum
844 1197 915 1252 facit
936 1197 1031 1252 infans
1050 1199 1081 1252 in

62 1273 108 1325 tur
144 1269 278 1325 medulla.
311 1269 384 1325 VIII.
413 1272 509 1324 autem
532 1285 636 1324 mense.
662 1267 734 1323 facit
760 1271 841 1322 utero
859 1271 995 1324 materno.
1015 1269 1080 1324 ideo

62 1357 158 1396 mense
199 1340 386 1395 indurescunt
413 1339 573 1396 caracteris.
585 1339 676 1394 nodis.
690 1342 732 1394 at-
761 1341 862 1407 quarto
890 1357 986 1395 mense
1017 1357 1080 1411 pre·

62 1410 386 1468 ossaVHHmcnsema·
413 1427 468 1480 que
505 1410 648 1466 adulteria
685 1410 733 1465 de·
760 1413 880 1480 guantes
916 1414 1079 1468 nascuntur.

62 1483 176 1537 tutatur
192 1480 296 1538 infans.
322 1482 385 1536 xmo
412 1483 646 1537 monstratsexto
656 1498 733 1536 men·
760 1481 860 1550 quinto
887 1499 983 1539 mense
1010 1484 1082 1538 facit

63 1553 109 1624 ὥς
136 1552 244 1607 mensis
272 1552 383 1609 decimi.
413 1569 451 1608 se.
483 1552 554 1607 facit
584 1569 734 1607 nervorum
760 1557 933 1610 caracterem
990 1555 1080 1625 patris

63 1622 222 1694 legittimus
258 1624 386 1679 nascitur
412 1623 662 1679 consumationem.
671 1640 733 1694 sep·
760 1623 821 1678 eius
840 1627 890 1679 aut
903 1626 1012 1695 matris,
1031 1629 1082 1680 aut

62 1695 154 1750 homo.
181 1696 212 1750 et
276 1698 385 1750 rectam
411 1694 466 1749 tim
474 1695 733 1749 mensemedullam
760 1695 933 1751 adulterium
967 1697 1081 1752 demon-

61 1769 231 1822 uaturamor
252 1765 384 1840 ine[dei]
412 1765 567 1821 coufirmat.
619 1766 730 1821 octaba.
760 1767 840 1821 suat.
874 1769 953 1820 sexto
983 1783 1079 1822 mense

62 1835 198 1894 beneficio
218 1853 237 1891 a
258 1837 384 1893 tenebris
412 1853 477 1891 oum
502 1835 636 1906 periculis
667 1853 732 1891 ossa
759 1835 1080 1892 adicitnervorumcon-

61 1908 91 1963 in
107 1909 173 1978 luce
192 1925 281 1976 quam
294 1908 384 1964 volvi-
411 1907 567 1963 confirmat,
580 1923 731 1962 nonovero
758 1906 955 1962 firmationem.
993 1907 1079 1976 septi-

61 1983 106 2034 tur
122 1979 229 2034 infans.
411 1994 507 2033 mense
520 1981 663 2033 maturum
672 1994 731 2032 mo·
758 1993 805 2030 mo
832 1993 928 2032 mense
951 1978 1078 2032 medulla

410 2052 459 2103 vet
476 2049 624 2105 infantem«
759 2047 961 2103 consolidatur.
978 2050 1078 2102 octavo

557 2124 559 2128 ⁴
758 2119 1077 2175 menseossadurantur.

758 2205 832 2243 nono
859 2205 955 2244 mense
987 2192 1080 2245 matu-

758 2262 852 2314 ratum
869 2262 965 2315 movet
985 2260 1078 2315 inlan-

757 2333 817 2385 tem
824 2330 948 2401 effectus,
959 2334 1078 2387 natiuae

757 2417 851 2456 rerum
861 2402 1015 2458 beneficiis.
1031 2403 1079 2458 de-

758 2471 832 2528 cimo
845 2489 941 2529 mense
956 2474 991 2529 de
1001 2476 1079 2529 tene-

757 2543 817 2598 bris
836 2545 874 2599 ad
896 2544 988 2601 lucem
1011 2545 1079 2602 exit.
