2392 3922
124 197 189 262 300
455 193 802 247 canuno-ruuouoar

125 355 226 410 crudus
245 371 309 408 cum
327 355 410 410 melle
433 354 518 410 tritus
542 352 664 408 illinitus
682 353 759 408 idem
775 351 855 407 facit.
884 351 997 406 cocleas
1015 351 1135 405 minutas

124 451 196 503 qnae
215 434 321 503 passim
339 434 522 489 inveniuntur
540 434 695 502 combures,
714 431 786 488 cinis
800 448 898 486 earum
917 448 982 486 cum
1000 430 1135 502 mellein-

125 515 226 568 duetus
244 513 371 568 maculas
390 518 419 569 et
438 514 547 583 lepram
565 530 599 569 ex
617 514 691 569 faeie
708 513 794 570 tollit.

196 593 383 648 cicatrices
406 594 525 664 nigras
549 595 717 649 candidas
744 593 867 663 facies,
895 594 921 648 si
944 610 1076 664 spumam
1096 610 1137 647 ar·

99 690 111 727 o
125 675 204 745 genti
222 676 294 730 bene
313 675 466 730 contritam
479 693 543 730 cum
557 675 620 731 oleo
634 675 760 730 inducas.
784 674 861 729 item.
886 691 985 729 sevum
999 673 1136 729 asininum

125 754 262 809 illinitum
279 755 356 810 idem
373 754 451 811 facit.
480 755 583 810 faciem
609 755 788 825 splendidam
805 753 906 824 facies,
931 754 956 808 si
978 771 1054 808 uvae
1072 752 1137 808 ami·

126 851 214 888 nasae
232 834 357 889 radicem
376 852 440 889 cera
459 839 489 890 et
505 835 589 890 melle
608 838 750 905 conteras,
769 834 812 889 ita
830 837 863 888 ut
881 833 965 888 sitin
984 833 1080 904 specie
1098 849 1137 887 ce

126 915 195 984 roti,
214 917 244 968 et
267 915 417 969 adnectem
437 915 568 984 inducas,
587 917 616 969 et
637 931 720 969 mane
744 931 819 983 aqua
840 913 965 983 delaves,
983 912 1136 968 miraberis.

127 994 211 1065 cygni
226 995 313 1064 adeps
333 994 455 1048 illinitus
474 993 577 1049 faciem
594 997 698 1065 purgat
716 997 802 1063 atque
821 997 930 1064 erugat.

88 1133 114 1173 ιο
130 1123 177 1178 Ad
190 1122 220 1192 I,
239 1125 276 1178 38
292 1127 352 1192 (97)
375 1121 421 1176 De
444 1120 687 1176 lunationibus
715 1119 769 1175 vel
795 1112 1034 1174 eieclonibns
1059 1117 1137 1173 arti-

518 1201 670 1255 culorum
688 1200 744 1270 (LI)

199 1284 290 1336 eadem
312 1283 409 1349 repetit
431 1298 500 1350 quae
522 1283 579 1336 iam
600 1298 687 1350 mapsa
708 1281 837 1350 opposcit
859 1281 892 1334 ia
913 1296 974 1348 cap.
991 1279 1089 1333 XLII
1101 1277 1138 1332 De

127 1358 250 1413 talorum
274 1358 378 1426 dolore,
407 1361 455 1414 abi
478 1359 513 1413 de
537 1359 604 1413 luxu
628 1359 750 1430 (Fimum
773 1358 965 1429 porcinum—
980 1357 1043 1412 aine
1066 1373 1139 1411 mora

129 1438 302 1505 discutiunt).
331 1440 428 1492 &iude
446 1455 518 1493 aava
535 1441 648 1494 rubrica
665 1441 800 1510 aequatur:

88 1573 114 1611 15
217 1561 264 1614 Ex
282 1560 355 1615 alto
374 1561 485 1631 lapsis
504 1563 630 1631 quibus
649 1564 797 1619 membra
815 1563 941 1618 collisa
961 1565 1050 1618 sunt.

198 1642 290 1694 Rutae
309 1653 346 1700 ÷
359 1641 411 1709 III,
436 1640 492 1695 olei
509 1644 545 1696 'so
559 1643 580 1697 Ι.
600 1643 693 1697 calide
711 1642 845 1698 membris
868 1642 1014 1712 perunctis
1039 1642 1140 1713 optime

129 1721 268 1776 convenit.
297 1721 374 1775 idem
396 1724 525 1790 praestat
543 1726 572 1776 et
590 1723 679 1778 lixiva
702 1723 741 1777 ad
763 1723 894 1777 heminae
916 1739 1079 1777 mammam
1095 1738 1141 1792 po·

129 1805 199 1871 tata,
219 1805 368 1858 contusum
386 1805 415 1856 et
429 1804 553 1856 emotum
568 1807 658 1858 sanat.
685 1803 810 1858 verbena
828 1820 892 1857 cum
910 1802 1038 1872 axungia
1056 1799 1142 1857 veteri

129 1882 199 1937 trita
218 1885 247 1936 et
264 1880 399 1952 imposita
417 1882 523 1936 bouum
541 1887 592 1937 est.

92 1999 117 2036 20
389 1989 440 2043 Ad
458 1989 649 2043 fracturam
668 1988 742 2043 sive
761 1989 884 2042 luxum.

202 2069 300 2123 Facies
320 2069 477 2139 embrocen,
501 2069 598 2123 vinmn
617 2072 729 2123 acetum
753 2068 846 2122 oleum
869 2067 984 2136 aequali
1002 2084 1142 2135 mensura,

131 2152 160 2202 ct
178 2148 348 2203 admiscebis
368 2166 502 2218 saponem
524 2165 578 2202 ova
597 2152 626 2203 εὴ
645 2147 820 2216 afronitrum,
840 2164 874 2202 ex
892 2147 960 2201 lana
980 2146 1081 2201 sucida
1094 2147 1145 2200 im-

129 2245 225 2296 pones.
255 2229 279 2282 si
303 2231 382 2283 costa
405 2228 496 2283 fracta
519 2227 606 2282 fuerit
628 2231 679 2282 aut
701 2227 837 2281 articulus
859 2227 906 2281 vel
929 2226 1081 2295 quodlibet
1106 2243 1145 2294 os,

131 2311 160 2361 et
179 2308 328 2362 cohaerere
347 2325 403 2362 non
425 2307 563 2378 potuerit,
586 2307 752 2362 collectione
775 2307 852 2361 facta
876 2305 1034 2376 periculum
1053 2305 1146 2361 maius

91 2393 116 2432 25
130 2386 225 2454 fuerit,
245 2390 313 2440 tunc
333 2389 439 2441 stercus
459 2387 605 2456 caprinum
624 2404 688 2441 cum
705 2386 772 2441 vino
786 2385 876 2441 veteri
889 2385 1035 2456 imponito.
1060 2384 1147 2439 mira-

129 2464 228 2518 biliter
245 2481 302 2518 non
321 2465 412 2518 solum
431 2465 524 2534 aperit
542 2469 571 2519 et
590 2468 743 2536 expurgat,
762 2466 812 2520 sed
831 2467 860 2520 et
878 2482 909 2518 os
927 2463 1051 2518 fractum
1069 2464 1148 2519 foras

130 2546 237 2598 evocat.
265 2544 335 2597 item
352 2545 497 2600 vettonica
515 2545 604 2601 herba
623 2563 687 2600 cum
710 2545 834 2615 axrmgia
853 2545 924 2600 trita
943 2542 1076 2598 similiter
1094 2543 1148 2597 im-

129 2621 224 2691 posita
243 2625 382 2690 operatur.
413 2623 453 2676 sic
472 2626 501 2677 et
520 2625 674 2680 dracontea
691 2625 780 2680 herba
798 2623 994 2680 medicabitur.

131 2745 180 2799 Ad
202 2745 371 2800 fervorem
393 2746 448 2800 vel
472 2750 664 2818 contusum,
690 2750 731 2802 ad
754 2766 913 2818 morsum,
937 2747 980 2802 ad
997 2746 1149 2801 incisum

91 2831 117 2870 30
167 2825 222 2880 vel
241 2825 371 2894 siquid
390 2826 487 2880 aliud
505 2829 719 2898 provenerit,
738 2845 778 2883 ne
799 2829 950 2883 dolorem
968 2825 1109 2881 sentiat.

202 2905 333 2976 Accipias
353 2906 396 2960 sal
414 2909 465 2961 aut
484 2906 589 2977 oleum,
612 2911 765 2976 antequam
787 2907 904 2976 plagam
926 2923 1000 2975 aqua
1024 2907 1075 2960 aut
1093 2905 1148 2960 ali-

132 2986 201 3054 quid
220 2985 380 3055 contingat,
406 2991 434 3040 et
458 3003 541 3056 super
564 2987 666 3041 vulnus
690 2987 724 3041 de
742 3001 828 3038 manu
848 2986 993 3040 confrices.
1020 2984 1149 3039 fractura

203 3137 351 3192 tcoburis
370 3140 393 3193 b.
484 3141 513 3192 et
532 3137 603 3191 cinis
622 3140 645 3192 b.
740 3132 860 3186 inductu
879 3135 903 3189 b.
995 3132 1102 3188 dfacis
1122 3138 1146 3191 b.

133 3215 148 3262 5
169 3208 269 3273 9tritas
289 3210 312 3264 b.
369 3214 385 3261 6
404 3208 514 3281 amineo
529 3210 552 3263 b.
616 3212 661 3260 lr.
673 3220 787 3259 cera...:
806 3201 865 3257 rad’
882 3207 943 3258 ctas
957 3227 970 3259 a
985 3205 1069 3259 melle
1085 3209 1147 3262 ctas

134 3282 185 3345 (sic
204 3282 256 3348 bis)
277 3283 301 3334 b.
376 3279 526 3332 Sdelavas
547 3280 570 3333 b.
643 3275 741 3344 adipes
755 3274 791 3354 b..
805 3274 840 3340 cf.
855 3274 901 3330 Pr.
918 3277 995 3330 Plio.
1007 3281 1145 3346 p.34,17.

132 3354 148 3400 9
167 3367 217 3418 seq.
241 3351 339 3405 Theod.
359 3367 381 3404 c.
397 3353 434 3403 37
452 3349 497 3418 (de
517 3347 598 3418 alet).
685 3350 719 3408 16
737 3341 820 3396 cahd’
842 3346 864 3399 b.
954 3352 988 3400 17
1007 3346 1103 3401 lexiva
1122 3350 1145 3403 b.

133 3423 165 3470 19
180 3419 277 3477 b-1-b.
334 3427 368 3473 20
377 3419 498 3472 fractum
509 3420 623 3487 (sic)be.
661 3421 694 3468 21
704 3413 886 3470 embrocebe.
938 3416 1106 3471 22amisces
1121 3421 1146 3474 b.

203 3506 249 3542 ex:
270 3489 293 3541 dr
312 3490 335 3543 b.
409 3495 443 3542 24
462 3490 550 3543 oddae
568 3490 598 3541 et
616 3493 678 3542 aare
697 3482 823 3539 coll'one.
916 3492 950 3540 27
968 3488 1102 3540 betonioa
1122 3491 1146 3545 b.

133 3562 166 3610 29
187 3561 335 3610 contusum
350 3576 376 3613 c:
395 3561 454 3612 eius
473 3560 529 3613 loco
548 3558 641 3612 albam
655 3559 729 3626 (post
741 3557 806 3625 bia
820 3557 844 3611 b.
909 3562 943 3612 32
962 3555 1100 3612 confrioas
1121 3561 1144 3615 b.
