2392 3922
141 175 208 241 284
474 175 819 228 resono-rusorum

530 333 577 388 De
596 331 761 402 singultu.

213 412 359 482 Singultus
377 412 403 467 si
420 416 505 467 natus
527 412 627 481 fuerit,
649 429 749 467 manus
773 411 871 466 ambas
893 411 925 466 in
947 412 1044 468 calida
1066 413 1155 470 teneri

139 492 235 548 facies.
268 493 338 548 item
367 491 483 547 anulum
511 493 624 548 assidue
652 510 717 547 cum
749 491 848 562 digitis
871 492 1096 548 medicinalibus
1121 495 1153 549 de

141 573 271 626 dextra
263 590 294 626 ιιι
316 572 461 626 sinistram
483 575 513 627 et
531 589 546 626 e
565 589 699 628 converso
722 571 847 627 inducat.
876 571 947 626 item
968 589 1075 628 nomen
1097 574 1154 629 eius

113 651 170 706 oin
187 669 275 706 manu
294 652 354 707 eius
372 651 457 706 rectis
475 651 581 706 litteris
600 652 704 722 scribe,
730 654 760 706 et
777 651 878 742 legere·
889 651 973 706 illum
991 652 1074 707 hoc'
1065 670 1155 723 rpsum

138 747 241 786 nomen
264 720 350 802 co'gis.
381 730 405 785 si
433 734 529 786 autem
551 696 718 786 illitteratus
746 731 846 801 fuerit,
869 730 964 800 ipsum
990 749 1097 788 nomen
1123 749 1156 788 ex

139 828 214 880 aqua
237 811 348 866 lavabis
372 814 401 865 et
424 811 451 866 ei
472 811 546 866 illud
568 810 650 881 potui
673 811 764 867 dabis
793 814 823 866 et
844 810 926 882 piper
949 814 979 867 et
998 815 1158 868 castoreum

140 907 232 959 aequa
249 908 381 946 mensura
399 890 500 945 tritum
519 908 583 945 cum
604 907 679 959 aqua
702 890 797 945 calida
818 891 901 960 potui
924 892 1001 947 dato.
1029 893 1077 948 vel
1096 911 1158 948 cum

140 970 258 1025 adriano
286 971 420 1026 adiuncto
445 988 551 1026 summe
578 971 656 1027 facit.
690 971 731 1025 sic
754 974 784 1026 et
806 971 869 1026 loco
892 971 987 1026 calido
1011 972 1037 1026 si
1065 973 1159 1028 iaceat

99 1049 209 1104 rosetis
233 1049 321 1105 iuvat.
350 1053 379 1104 et
406 1052 505 1119 pectus
529 1051 589 1105 eius
618 1050 680 1106 oleo
708 1049 829 1106 nardino
854 1051 965 1107 fricato.
993 1051 1034 1106 sic
1058 1056 1088 1107 et
1111 1052 1159 1107 dia

143 1130 219 1185 trion
236 1146 377 1201 pepereon
397 1131 495 1184 datum
515 1130 585 1184 satis
603 1130 692 1185 iuvat.

141 1237 331 1304 Admone)
344 1236 382 1290 de
397 1236 540 1291 testium
553 1235 860 1305 indignationibus
874 1235 929 1291 vel
943 1235 1045 1291 vitiis
1057 1239 1159 1305 (extr).

32 1314 130 1385 (XXV)
211 1314 342 1384 Cupressi
369 1315 458 1369 bacae
479 1314 554 1368 ,vino
584 1318 681 1370 coctae
705 1319 734 1371 et
759 1315 846 1371 tritae
873 1317 949 1370 recte
977 1316 1159 1370 conveniunt.

139 1392 221 1447 bulbi
239 1393 302 1448 triti
321 1410 355 1448 ex
373 1393 465 1448 mulsa
483 1396 513 1448 et
534 1394 634 1450 illiniti
651 1397 777 1464 prosunt.
806 1397 871 1449 ruta
890 1411 953 1448 cum
976 1394 1066 1463 cymis
1085 1395 1158 1449 lauri

99 1489 125 1528 rs
138 1473 299 1528 tenerrimis
317 1473 387 1528 trita
411 1476 440 1528 ct
462 1474 597 1543 imposita
616 1475 733 1529 testium
755 1474 881 1528 dolorem
899 1473 1053 1528 efficaciter
1071 1475 1157 1530 tollit.

138 1551 236 1606 labam
253 1553 321 1608 vino
340 1556 450 1607 coctam
468 1557 498 1608 et
516 1570 581 1607 cum
599 1570 674 1622 aqua
692 1555 791 1609 tritam
804 1570 886 1623 pone.
914 1553 967 1606 lini
986 1553 1104 1608 seminis
1118 1554 1159 1609 fa-

138 1631 232 1686 rinam
246 1650 310 1687 cum
328 1632 421 1688 resina
438 1636 468 1688 et
485 1651 579 1687 murra
597 1649 679 1702 pone,
703 1633 773 1688 mire
792 1632 870 1687 facit.
898 1632 1017 1687 feniculi
1035 1633 1158 1689 farinam

139 1728 203 1766 cum
215 1712 374 1781 hydromeli
389 1716 507 1782 coctam,
522 1714 561 1766 ad
575 1729 671 1767 omnes
685 1711 881 1767 testiculorum
895 1712 1007 1766 dolores
1021 1714 1158 1769 tumores-

139 1808 194 1860 que
207 1792 286 1848 facit.
315 1792 412 1847 fabam
430 1792 534 1847 fresam
548 1809 612 1845 cum
630 1791 741 1861 cymino
757 1794 786 1846 et
798 1791 870 1845 lotio
885 1790 1022 1846 detritam
1034 1791 1158 1862 impone.

24 1899 27 1906 ·
99 1888 126 1926 ao
139 1872 276 1942 cupressi
283 1872 372 1926 bacae
391 1889 455 1925 cum
472 1868 539 1926 vino
559 1874 656 1926 coctae
674 1875 704 1926 et
721 1871 807 1926 tritae
826 1873 856 1926 et
873 1871 1043 1941 impositae,
1060 1872 1156 1927 ulcera

139 1952 257 2007 testium
275 1954 366 2006 sanat.
385 1951 490 2005 radicis
505 1952 615 2006 cicutae
634 1953 730 2025 cortex
744 1953 837 2020 tunsa,
857 1950 956 2004 ablata
975 1949 1047 2005 folia
1064 1951 1155 2006 cinere

140 2030 234 2086 calido
253 2029 515 2100 appositaquet
457 2033 515 2085 test
516 2031 580 2085 ibus
598 2030 764 2103 <prod>est

139 2137 231 2205 AdI,
244 2140 283 2192 27
298 2139 364 2205 (76)
385 2136 424 2190 de
443 2136 574 2190 veretri
593 2136 792 2191 causatione
807 2139 885 2205 (extr
900 2142 964 2205 post
981 2088 1156 2206 tangendum

33 2295 143 2366 (XXVI)
211 2294 390 2364 Plantaginis
416 2311 482 2349 suco
510 2216 819 2365 tepidoeliiotiirentabia
848 2299 877 2350 et
896 2294 920 2348 si
947 2298 1042 2349 tumor
1071 2295 1157 2351 fuerit

100 2390 125 2427 ao
139 2374 233 2443 ipsam
250 2375 349 2429 tritam
367 2374 488 2444 impone.
516 2375 539 2429 si
558 2376 638 2429 ulcus
657 2375 687 2430 in
709 2379 820 2430 veretro
838 2375 937 2443 fuerit,
959 2377 1072 2430 murtae
1094 2375 1155 2445 pu]-

138 2467 204 2507 vere
224 2469 338 2523 asperso
353 2453 509 2509 sanabitur.
529 2457 559 2509 et
573 2454 687 2510 acaciae
700 2455 795 2524 pulvis
810 2455 851 2509 sic
866 2457 894 2508 et
907 2454 1014 2522 lycium
1032 2458 1063 2510 et
1076 2455 1155 2525 glau-

139 2532 214 2585 cium
232 2532 310 2588 facit.
339 2536 450 2588 murtae
470 2533 540 2589 folia
557 2536 780 2605 commanducet,
800 2538 829 2589 et
843 2533 963 2588 salviam
981 2535 1045 2587 cum
1065 2534 1155 2604 digito

212 2679 225 2725 1
251 2675 293 2729 ito
311 2691 362 2743 seq.
382 2676 465 2730 inser
480 2677 538 2731 cod.
554 2677 661 2744 b(sr>ae
678 2679 775 2745 rubr..)
831 2676 896 2730 tin
920 2673 970 2729 cal’
991 2677 1061 2729 tend
1080 2678 1104 2731 b.
1123 2678 1155 2744 ef.

139 2761 228 2816 Marc.
244 2779 273 2831 p.
288 2766 352 2829 176,
367 2767 392 2817 5.
504 2751 626 2819 trectis
646 2766 748 2834 (8166.
873 2770 1000 2832 8aequa
1022 2758 1154 2819 mensura

140 2834 191 2902 (uel
205 2848 294 2900 aequo
313 2833 437 2902 pondere
451 2837 493 2890 uel
507 2850 541 2888 ex
560 2838 673 2904 aequo):
693 2851 749 2888 ana
764 2838 779 2890 b
792 2840 834 2902 (ut
848 2839 955 2916 supra).
1011 2836 1155 2890 9adriano

140 2902 284 2957 adiunctio
300 2905 363 2972 (sic)
383 2905 406 2959 b.
482 2911 513 2960 11
533 2905 711 2975 pipereonb.
768 2911 801 2959 13
821 2904 942 2974 Cipressi
961 2904 1065 2960 baccas
1089 2907 1154 2960 vino

140 2977 234 3029 coctas
253 2977 282 3029 et
294 2973 425 3030 tritasb.
445 2977 480 3043 of.
501 2976 661 3032 Scribonius
679 2979 744 3030 233.
818 2981 852 3030 14
869 2976 974 3031 trita..
987 2976 1153 3032 ,illinitur

138 3047 173 3113 of.
194 3046 240 3101 Pa
260 3045 369 3116 Pliap
370 3049 438 3113 ,,63
452 3051 495 3101 14,
603 3049 681 3102 ruta:
700 3048 734 3114 cf.
755 3047 800 3101 Ps.
820 3047 935 3116 Poup
937 3051 1004 3115 ,63,
1019 3053 1063 3103 15

141 3122 174 3170 15
193 3062 369 3172 efficiatb.p
418 3121 451 3170 16
465 3117 533 3171 faba
551 3124 598 3173 eto.
618 3119 685 3172 bc
671 3119 705 3240 cs.
721 3117 966 3186 PaPliapoa,
984 3123 1027 3173 19
1103 3117 1155 3172 lini

140 3205 160 3241 s.
180 3187 198 3242 f.
219 3189 253 3257 of.
269 3188 314 3243 Pc
329 3186 443 3257 Platap
445 3191 511 3255 ,63,
525 3193 571 3242 18,
623 3193 656 3242 17
687 3187 792 3242 cuiculi
810 3190 845 3256 cf.
865 3189 911 3243 Ps
929 3160 1011 3243 P'u'a
1026 3207 1058 3258 p.
1074 3194 1154 3257 64,.5

141 3264 175 3312 18
193 3257 389 3328 ydromelleb
463 3265 496 3313 19
515 3257 584 3313 faba
601 3265 648 3315 cto.
668 3260 692 3314 b.
766 3265 800 3312 20
818 3259 921 3313 baccas
940 3265 986 3315 etc.
1008 3263 1051 3327 (ut
1068 3277 1156 3343 aspro

138 3334 236 3397 o..13)
308 3335 341 3383 11
356 3331 453 3384 sanat:
472 3331 525 3384 buc
542 3347 626 3400 usque
644 3331 777 3396 c(Obia).
851 3328 956 3384 ablatis
970 3329 1048 3384 foliis
1067 3331 1155 3385 cinirc

54 3442 60 3459 ,
140 3399 234 3454 calido
260 3400 445 3470 oppositoque
472 3399 650 3454 testibus—
629 3449 634 3461 ,
669 3403 764 3471 (sic)b
766 3445 771 3456 .
802 3401 836 3468 cf.
861 3402 952 3456 Marc.
972 3418 1003 3470 p.
1023 3406 1091 3469 343,
1110 3406 1153 3457 33.

139 3474 202 3536 344,
216 3477 241 3524 4.
349 3476 383 3526 15
403 3474 470 3524 sucu
488 3470 589 3540 tepidd
608 3474 632 3527 b.
748 3476 783 3525 36
801 3471 885 3526 mitte
903 3471 1019 3540 pulvere
1038 3477 1154 3542 aspersu

139 3540 253 3594 sanab’r
271 3543 294 3597 b.
367 3545 401 3594 28
419 3541 534 3610 glaucia
553 3545 577 3598 b.
