<?xml version="1.0" encoding="UTF-8"?>
<!DOCTYPE html PUBLIC "-//W3C//DTD XHTML 1.0 Transitional//EN"
    "http://www.w3.org/TR/xhtml1/DTD/xhtml1-transitional.dtd">
<html xmlns="http://www.w3.org/1999/xhtml" xml:lang="en" lang="en">
 <head>
  <title>
</title>
<meta http-equiv="Content-Type" content="text/html;charset=utf-8" />
  <meta name='ocr-system' content='tesseract 3.04.00' />
  <meta name='ocr-capabilities' content='ocr_page ocr_carea ocr_par ocr_line ocrx_word'/>
</head>
<body>
  <div class='ocr_page' id='page_1' title='image "./euporistonlibri00rosegoog_0518.png"; bbox 0 0 2392 3922; ppageno 0'>
   <div class='ocr_carea' id='block_1_1' title="bbox 307 862 882 1077">
    <p class='ocr_par' dir='ltr' id='par_1_1' title="bbox 307 862 882 1077">
     <span class='ocr_line' id='line_1_1' title="bbox 484 862 702 936; baseline 0.009 -2"><span class='ocrx_word' id='word_1_1' title='bbox 484 862 702 936; x_wconf 77' lang='lat' dir='ltr'><strong>vindicianus</strong></span> 
     </span>
     <span class='ocr_line' id='line_1_2' title="bbox 307 986 882 1077; baseline 0.003 -20"><span class='ocrx_word' id='word_1_2' title='bbox 307 986 470 1059; x_wconf 75' lang='lat' dir='ltr'><strong>Pentadio</strong></span> <span class='ocrx_word' id='word_1_3' title='bbox 496 989 613 1077; x_wconf 81' lang='lat' dir='ltr'><strong>nepoti</strong></span> <span class='ocrx_word' id='word_1_4' title='bbox 640 1008 700 1060; x_wconf 91' lang='lat' dir='ltr'><strong>suo</strong></span> <span class='ocrx_word' id='word_1_5' title='bbox 729 989 882 1060; x_wconf 81' lang='lat' dir='ltr'><strong>salntem.</strong></span> 
     </span>
    </p>
   </div>
   <div class='ocr_carea' id='block_1_2' title="bbox 84 1122 1131 1576">
    <p class='ocr_par' dir='ltr' id='par_1_2' title="bbox 84 1122 1131 1576">
     <span class='ocr_line' id='line_1_3' title="bbox 177 1122 1099 1219; baseline 0.004 -25"><span class='ocrx_word' id='word_1_6' title='bbox 177 1133 263 1196; x_wconf 90' lang='lat' dir='ltr'><strong>Licet</strong></span> <span class='ocrx_word' id='word_1_7' title='bbox 286 1137 378 1195; x_wconf 91' lang='lat' dir='ltr'><strong>sciam</strong></span> <span class='ocrx_word' id='word_1_8' title='bbox 400 1122 440 1216; x_wconf 78' lang='lat' dir='ltr'><strong>te,</strong></span> <span class='ocrx_word' id='word_1_9' title='bbox 464 1139 615 1198; x_wconf 90' lang='lat' dir='ltr'><strong>carissime</strong></span> <span class='ocrx_word' id='word_1_10' title='bbox 638 1156 740 1219; x_wconf 88' lang='lat' dir='ltr'><strong>nepos,</strong></span> <span class='ocrx_word' id='word_1_11' title='bbox 764 1140 877 1216; x_wconf 86' lang='lat' dir='ltr'><strong>graecis</strong></span> <span class='ocrx_word' id='word_1_12' title='bbox 900 1137 1008 1198; x_wconf 89' lang='lat' dir='ltr'><strong>litteris</strong></span> <span class='ocrx_word' id='word_1_13' title='bbox 1032 1156 1099 1198; x_wconf 90' lang='lat' dir='ltr'><strong>eru-</strong></span> 
     </span>
     <span class='ocr_line' id='line_1_4' title="bbox 84 1223 1099 1308; baseline 0.002 -24"><span class='ocrx_word' id='word_1_14' title='bbox 84 1223 184 1308; x_wconf 82' lang='lat' dir='ltr'><strong>ditum</strong></span> <span class='ocrx_word' id='word_1_15' title='bbox 202 1223 239 1284; x_wconf 86' lang='lat' dir='ltr'><strong>ad</strong></span> <span class='ocrx_word' id='word_1_16' title='bbox 257 1224 333 1284; x_wconf 82' lang='lat' dir='ltr'><strong>hauc</strong></span> <span class='ocrx_word' id='word_1_17' title='bbox 352 1223 540 1303; x_wconf 79' lang='lat' dir='ltr'><strong>disciplinam</strong></span> <span class='ocrx_word' id='word_1_18' title='bbox 556 1244 643 1305; x_wconf 91' lang='lat' dir='ltr'><strong>posse</strong></span> <span class='ocrx_word' id='word_1_19' title='bbox 662 1230 828 1308; x_wconf 90' lang='lat' dir='ltr'><strong>pervenire,</strong></span> <span class='ocrx_word' id='word_1_20' title='bbox 851 1234 951 1288; x_wconf 89' lang='lat' dir='ltr'><strong>tamen</strong></span> <span class='ocrx_word' id='word_1_21' title='bbox 971 1245 1008 1286; x_wconf 90' lang='lat' dir='ltr'><strong>ue</strong></span> <span class='ocrx_word' id='word_1_22' title='bbox 1028 1227 1099 1306; x_wconf 88' lang='lat' dir='ltr'><strong>quid</strong></span> 
     </span>
     <span class='ocr_line' id='line_1_5' title="bbox 87 1312 1131 1397; baseline 0.007 -25"><span class='ocrx_word' id='word_1_23' title='bbox 87 1312 143 1373; x_wconf 86' lang='lat' dir='ltr'><strong>tibi</strong></span> <span class='ocrx_word' id='word_1_24' title='bbox 164 1315 301 1392; x_wconf 88' lang='lat' dir='ltr'><strong>poscenti</strong></span> <span class='ocrx_word' id='word_1_25' title='bbox 324 1313 360 1373; x_wconf 90' lang='lat' dir='ltr'><strong>ad</strong></span> <span class='ocrx_word' id='word_1_26' title='bbox 387 1317 561 1374; x_wconf 84' lang='lat' dir='ltr'><strong>memoriam</strong></span> <span class='ocrx_word' id='word_1_27' title='bbox 588 1315 778 1397; x_wconf 84' lang='lat' dir='ltr'><strong>denegarem,</strong></span> <span class='ocrx_word' id='word_1_28' title='bbox 805 1335 842 1376; x_wconf 85' lang='lat' dir='ltr'><strong>ex</strong></span> <span class='ocrx_word' id='word_1_29' title='bbox 870 1316 955 1376; x_wconf 90' lang='lat' dir='ltr'><strong>libris</strong></span> <span class='ocrx_word' id='word_1_30' title='bbox 978 1316 1099 1377; x_wconf 86' lang='lat' dir='ltr'><strong>medici·</strong></span> <span class='ocrx_word' id='word_1_31' title='bbox 1127 1340 1131 1379; x_wconf 75' lang='grc' dir='ltr'><strong><em>ε</em></strong></span> 
     </span>
     <span class='ocr_line' id='line_1_6' title="bbox 86 1401 1100 1487; baseline 0.003 -25"><span class='ocrx_word' id='word_1_32' title='bbox 86 1401 203 1462; x_wconf 89' lang='lat' dir='ltr'><strong>malibus</strong></span> <span class='ocrx_word' id='word_1_33' title='bbox 229 1401 417 1481; x_wconf 84' lang='lat' dir='ltr'><strong>Hippocratis</strong></span> <span class='ocrx_word' id='word_1_34' title='bbox 444 1404 548 1464; x_wconf 89' lang='lat' dir='ltr'><strong>intima</strong></span> <span class='ocrx_word' id='word_1_35' title='bbox 575 1403 703 1465; x_wconf 88' lang='lat' dir='ltr'><strong>latinavi.</strong></span> <span class='ocrx_word' id='word_1_36' title='bbox 732 1424 806 1484; x_wconf 88' lang='lat' dir='ltr'><strong>quae</strong></span> <span class='ocrx_word' id='word_1_37' title='bbox 831 1407 900 1485; x_wconf 89' lang='lat' dir='ltr'><strong>quia</strong></span> <span class='ocrx_word' id='word_1_38' title='bbox 928 1405 1035 1485; x_wconf 84' lang='lat' dir='ltr'><strong>dignus</strong></span> <span class='ocrx_word' id='word_1_39' title='bbox 1059 1425 1100 1487; x_wconf 88' lang='lat' dir='ltr'><strong>es,</strong></span> 
     </span>
     <span class='ocr_line' id='line_1_7' title="bbox 87 1489 1100 1576; baseline 0.004 -26"><span class='ocrx_word' id='word_1_40' title='bbox 87 1489 215 1552; x_wconf 80' lang='lat' dir='ltr'><strong>fideliter</strong></span> <span class='ocrx_word' id='word_1_41' title='bbox 241 1491 326 1551; x_wconf 90' lang='lat' dir='ltr'><strong>trado</strong></span> <span class='ocrx_word' id='word_1_42' title='bbox 354 1491 476 1551; x_wconf 89' lang='lat' dir='ltr'><strong>daturus</strong></span> <span class='ocrx_word' id='word_1_43' title='bbox 504 1491 560 1552; x_wconf 89' lang='lat' dir='ltr'><strong>tihi</strong></span> <span class='ocrx_word' id='word_1_44' title='bbox 582 1495 629 1553; x_wconf 87' lang='lat' dir='ltr'><strong>avi</strong></span> <span class='ocrx_word' id='word_1_45' title='bbox 651 1496 697 1554; x_wconf 92' lang='lat' dir='ltr'><strong>tui</strong></span> <span class='ocrx_word' id='word_1_46' title='bbox 723 1497 817 1573; x_wconf 89' lang='lat' dir='ltr'><strong>patris</strong></span> <span class='ocrx_word' id='word_1_47' title='bbox 841 1497 901 1555; x_wconf 91' lang='lat' dir='ltr'><strong>mei</strong></span> <span class='ocrx_word' id='word_1_48' title='bbox 928 1494 1034 1576; x_wconf 89' lang='lat' dir='ltr'><strong>libros,</strong></span> <span class='ocrx_word' id='word_1_49' title='bbox 1064 1514 1100 1554; x_wconf 83' lang='lat' dir='ltr'><strong>eu</strong></span> 
     </span>
    </p>
   </div>
   <div class='ocr_carea' id='block_1_3' title="bbox 87 1662 1115 2816">
    <p class='ocr_par' dir='ltr' id='par_1_3' title="bbox 87 1662 1115 2816">
     <span class='ocr_line' id='line_1_8' title="bbox 162 1662 1101 1734; baseline 0.002 -18"><span class='ocrx_word' id='word_1_50' title='bbox 162 1662 216 1716; x_wconf 79' lang='lat' dir='ltr'><strong>Tic.</strong></span> <span class='ocrx_word' id='word_1_51' title='bbox 233 1664 275 1730; x_wconf 82' lang='lat' dir='ltr'><strong>(p.</strong></span> <span class='ocrx_word' id='word_1_52' title='bbox 286 1665 352 1731; x_wconf 75' lang='lat'><em>484)</em></span> <span class='ocrx_word' id='word_1_53' title='bbox 365 1663 428 1717; x_wconf 76' lang='lat' dir='ltr'><strong>cedi</strong></span> <span class='ocrx_word' id='word_1_54' title='bbox 440 1679 474 1718; x_wconf 80' lang='lat' dir='ltr'><strong>ecc</strong></span> <span class='ocrx_word' id='word_1_55' title='bbox 482 1662 712 1733; x_wconf 78' lang='lat' dir='ltr'><strong>Pomtiqoiscc&#39;mo,</strong></span> <span class='ocrx_word' id='word_1_56' title='bbox 725 1666 775 1720; x_wconf 78' lang='lat' dir='ltr'><strong>odi</strong></span> <span class='ocrx_word' id='word_1_57' title='bbox 783 1665 878 1734; x_wconf 83' lang='lat' dir='ltr'><strong>Episti</strong></span> <span class='ocrx_word' id='word_1_58' title='bbox 887 1664 1049 1719; x_wconf 83' lang='lat' dir='ltr'><strong>vindiciano</strong></span> <span class='ocrx_word' id='word_1_59' title='bbox 1064 1664 1101 1718; x_wconf 90' lang='lat' dir='ltr'><strong>ad</strong></span> 
     </span>
     <span class='ocr_line' id='line_1_9' title="bbox 88 1731 1101 1806; baseline 0.004 -20"><span class='ocrx_word' id='word_1_60' title='bbox 88 1731 255 1802; x_wconf 87' lang='lat' dir='ltr'><strong>pentadioni</strong></span> <span class='ocrx_word' id='word_1_61' title='bbox 273 1735 405 1802; x_wconf 87' lang='lat' dir='ltr'><strong>nepotem</strong></span> <span class='ocrx_word' id='word_1_62' title='bbox 423 1750 504 1787; x_wconf 89' lang='lat' dir='ltr'><strong>suum</strong></span> <span class='ocrx_word' id='word_1_63' title='bbox 523 1734 598 1802; x_wconf 89' lang='lat' dir='ltr'><strong>deq.</strong></span> <span class='ocrx_word' id='word_1_64' title='bbox 613 1735 641 1789; x_wconf 91' lang='lat' dir='ltr'><strong>h.</strong></span> <span class='ocrx_word' id='word_1_65' title='bbox 661 1743 707 1791; x_wconf 83' lang='lat' dir='ltr'><strong>etc.</strong></span> <span class='ocrx_word' id='word_1_66' title='bbox 728 1737 776 1805; x_wconf 76' lang='lat' dir='ltr'><strong>poi</strong></span> <span class='ocrx_word' id='word_1_67' title='bbox 790 1738 949 1806; x_wconf 77' lang='lat' dir='ltr'><strong>pierumque</strong></span> <span class='ocrx_word' id='word_1_68' title='bbox 966 1738 1101 1790; x_wconf 78' lang='lat' dir='ltr'><strong>omittitur</strong></span> 
     </span>
     <span class='ocr_line' id='line_1_10' title="bbox 90 1816 1100 1893; baseline -0.001 -17"><span class='ocrx_word' id='word_1_69' title='bbox 90 1823 261 1892; x_wconf 78' lang='lat' dir='ltr'><strong>(simpliciter</strong></span> <span class='ocrx_word' id='word_1_70' title='bbox 278 1816 371 1891; x_wconf 77' lang='lat' dir='ltr'><strong>Epistl</strong></span> <span class='ocrx_word' id='word_1_71' title='bbox 389 1820 546 1877; x_wconf 87' lang='lat' dir='ltr'><strong>vindiciani</strong></span> <span class='ocrx_word' id='word_1_72' title='bbox 565 1824 616 1893; x_wconf 85' lang='lat' dir='ltr'><strong>bo,</strong></span> <span class='ocrx_word' id='word_1_73' title='bbox 635 1823 685 1892; x_wconf 86' lang='lat' dir='ltr'><strong>Ep.</strong></span> <span class='ocrx_word' id='word_1_74' title='bbox 705 1823 861 1877; x_wconf 82' lang='lat' dir='ltr'><strong>vindiciani</strong></span> <span class='ocrx_word' id='word_1_75' title='bbox 885 1822 922 1877; x_wconf 85' lang='lat' dir='ltr'><strong>ad</strong></span> <span class='ocrx_word' id='word_1_76' title='bbox 944 1822 1100 1892; x_wconf 87' lang='lat' dir='ltr'><strong>pentadion</strong></span> 
     </span>
     <span class='ocr_line' id='line_1_11' title="bbox 88 1892 1100 1964; baseline 0.001 -18"><span class='ocrx_word' id='word_1_77' title='bbox 88 1892 186 1962; x_wconf 77' lang='lat' dir='ltr'><strong>guium</strong></span> <span class='ocrx_word' id='word_1_78' title='bbox 202 1908 239 1947; x_wconf 90' lang='lat' dir='ltr'><strong>ne</strong></span> <span class='ocrx_word' id='word_1_79' title='bbox 260 1895 336 1946; x_wconf 82' lang='lat' dir='ltr'><strong>ntem</strong></span> <span class='ocrx_word' id='word_1_80' title='bbox 353 1909 435 1946; x_wconf 89' lang='lat' dir='ltr'><strong>suum</strong></span> <span class='ocrx_word' id='word_1_81' title='bbox 452 1895 544 1949; x_wconf 71' lang='lat' dir='ltr'><strong>Broc.</strong></span> <span class='ocrx_word' id='word_1_82' title='bbox 564 1895 705 1963; x_wconf 71' lang='lat' dir='ltr'><strong>aridior).</strong></span> <span class='ocrx_word' id='word_1_83' title='bbox 779 1900 795 1948; x_wconf 80' lang='lat'><strong>2</strong></span> <span class='ocrx_word' id='word_1_84' title='bbox 810 1894 842 1949; x_wconf 91' lang='lat' dir='ltr'><strong>V.</strong></span> <span class='ocrx_word' id='word_1_85' title='bbox 861 1893 1033 1964; x_wconf 86' lang='lat' dir='ltr'><strong>pentadione</strong></span> <span class='ocrx_word' id='word_1_86' title='bbox 1052 1910 1100 1947; x_wconf 88' lang='lat' dir='ltr'><strong>ne-</strong></span> 
     </span>
     <span class='ocr_line' id='line_1_12' title="bbox 87 1962 1101 2035; baseline -0.001 -17"><span class='ocrx_word' id='word_1_87' title='bbox 87 1967 152 2032; x_wconf 87' lang='lat' dir='ltr'><strong>pote</strong></span> <span class='ocrx_word' id='word_1_88' title='bbox 178 1980 198 2019; x_wconf 91' lang='lat' dir='ltr'><strong>s.</strong></span> <span class='ocrx_word' id='word_1_89' title='bbox 244 2005 253 2030; x_wconf 86' lang='lat'><strong><em>,</em></strong></span> <span class='ocrx_word' id='word_1_90' title='bbox 271 1963 305 2020; x_wconf 89' lang='lat' dir='ltr'><strong>V.</strong></span> <span class='ocrx_word' id='word_1_91' title='bbox 323 1962 480 2033; x_wconf 87' lang='lat' dir='ltr'><strong>pentadion</strong></span> <span class='ocrx_word' id='word_1_92' title='bbox 501 1981 575 2034; x_wconf 85' lang='lat' dir='ltr'><strong>gauo</strong></span> <span class='ocrx_word' id='word_1_93' title='bbox 597 1964 724 2035; x_wconf 88' lang='lat' dir='ltr'><strong>nepote(i</strong></span> <span class='ocrx_word' id='word_1_94' title='bbox 737 1970 871 2033; x_wconf 83' lang='lat' dir='ltr'><strong>corr.)suo</strong></span> <span class='ocrx_word' id='word_1_95' title='bbox 891 1982 911 2019; x_wconf 89' lang='lat' dir='ltr'><strong>s.</strong></span> <span class='ocrx_word' id='word_1_96' title='bbox 932 1967 960 2031; x_wconf 85' lang='lat' dir='ltr'><strong>b,</strong></span> <span class='ocrx_word' id='word_1_97' title='bbox 980 1964 1013 2018; x_wconf 92' lang='lat' dir='ltr'><strong>V.</strong></span> <span class='ocrx_word' id='word_1_98' title='bbox 1032 1981 1101 2033; x_wconf 89' lang='lat' dir='ltr'><strong>pen-</strong></span> 
     </span>
     <span class='ocr_line' id='line_1_13' title="bbox 88 2033 1099 2106; baseline 0.004 -19"><span class='ocrx_word' id='word_1_99' title='bbox 88 2033 267 2103; x_wconf 86' lang='lat' dir='ltr'><strong>tadionepoti</strong></span> <span class='ocrx_word' id='word_1_100' title='bbox 281 2052 331 2089; x_wconf 91' lang='lat' dir='ltr'><strong>suc</strong></span> <span class='ocrx_word' id='word_1_101' title='bbox 346 2053 366 2090; x_wconf 87' lang='lat' dir='ltr'><strong>s.</strong></span> <span class='ocrx_word' id='word_1_102' title='bbox 385 2034 412 2103; x_wconf 80' lang='grc' dir='ltr'><strong>Ο,</strong></span> <span class='ocrx_word' id='word_1_103' title='bbox 431 2035 464 2092; x_wconf 90' lang='lat' dir='ltr'><strong>V.</strong></span> <span class='ocrx_word' id='word_1_104' title='bbox 483 2035 620 2105; x_wconf 86' lang='lat' dir='ltr'><strong>pentadio</strong></span> <span class='ocrx_word' id='word_1_105' title='bbox 636 2035 760 2105; x_wconf 90' lang='lat' dir='ltr'><strong>(petadic</strong></span> <span class='ocrx_word' id='word_1_106' title='bbox 777 2036 812 2106; x_wconf 77' lang='lat' dir='ltr'><strong>G)</strong></span> <span class='ocrx_word' id='word_1_107' title='bbox 826 2035 923 2104; x_wconf 86' lang='lat' dir='ltr'><strong>nepoti</strong></span> <span class='ocrx_word' id='word_1_108' title='bbox 938 2052 987 2089; x_wconf 90' lang='lat' dir='ltr'><strong>suo</strong></span> <span class='ocrx_word' id='word_1_109' title='bbox 1003 2053 1023 2090; x_wconf 91' lang='lat' dir='ltr'><strong>s.</strong></span> <span class='ocrx_word' id='word_1_110' title='bbox 1037 2036 1099 2091; x_wconf 81' lang='lat' dir='ltr'><strong>GU.</strong></span> 
     </span>
     <span class='ocr_line' id='line_1_14' title="bbox 89 2105 1100 2176; baseline 0.003 -18"><span class='ocrx_word' id='word_1_111' title='bbox 89 2105 208 2160; x_wconf 74' lang='lat' dir='ltr'><strong>deciam</strong></span> <span class='ocrx_word' id='word_1_112' title='bbox 218 2105 280 2175; x_wconf 93' lang='lat' dir='ltr'><strong>PV,</strong></span> <span class='ocrx_word' id='word_1_113' title='bbox 295 2105 382 2161; x_wconf 86' lang='lat' dir='ltr'><strong>seiam</strong></span> <span class='ocrx_word' id='word_1_114' title='bbox 395 2108 425 2159; x_wconf 88' lang='lat' dir='ltr'><strong>te</strong></span> <span class='ocrx_word' id='word_1_115' title='bbox 439 2126 465 2175; x_wconf 87' lang='lat' dir='ltr'><strong>a,</strong></span> <span class='ocrx_word' id='word_1_116' title='bbox 483 2114 528 2161; x_wconf 59' lang='lat' dir='ltr'><strong>&#39;sm</strong></span> <span class='ocrx_word' id='word_1_117' title='bbox 541 2109 633 2161; x_wconf 86' lang='lat' dir='ltr'><strong>tatate</strong></span> <span class='ocrx_word' id='word_1_118' title='bbox 648 2109 671 2172; x_wconf 87' lang='lat' dir='ltr'><strong>b,</strong></span> <span class='ocrx_word' id='word_1_119' title='bbox 691 2107 762 2162; x_wconf 86' lang='lat' dir='ltr'><strong>scire</strong></span> <span class='ocrx_word' id='word_1_120' title='bbox 776 2109 805 2161; x_wconf 89' lang='lat' dir='ltr'><strong>te</strong></span> <span class='ocrx_word' id='word_1_121' title='bbox 821 2107 884 2162; x_wconf 73' lang='lat' dir='ltr'><strong>GU</strong></span> <span class='ocrx_word' id='word_1_122' title='bbox 894 2107 1005 2176; x_wconf 88' lang='lat' dir='ltr'><strong>(scirem</strong></span> <span class='ocrx_word' id='word_1_123' title='bbox 1022 2109 1051 2161; x_wconf 91' lang='lat' dir='ltr'><strong>te</strong></span> <span class='ocrx_word' id='word_1_124' title='bbox 1066 2110 1100 2176; x_wconf 85' lang='lat' dir='ltr'><strong>r),</strong></span> 
     </span>
     <span class='ocr_line' id='line_1_15' title="bbox 89 2175 1100 2249; baseline 0 -18"><span class='ocrx_word' id='word_1_125' title='bbox 89 2179 116 2231; x_wconf 87' lang='lat' dir='ltr'><strong>te</strong></span> <span class='ocrx_word' id='word_1_126' title='bbox 134 2175 208 2231; x_wconf 85' lang='lat' dir='ltr'><strong>scire</strong></span> <span class='ocrx_word' id='word_1_127' title='bbox 229 2177 256 2232; x_wconf 82' lang='lat'><strong>0.</strong></span> <span class='ocrx_word' id='word_1_128' title='bbox 363 2178 429 2233; x_wconf 71' lang='lat' dir='ltr'><strong>lmTe</strong></span> <span class='ocrx_word' id='word_1_129' title='bbox 446 2194 535 2248; x_wconf 88' lang='lat' dir='ltr'><strong>nepus</strong></span> <span class='ocrx_word' id='word_1_130' title='bbox 554 2180 651 2248; x_wconf 89' lang='lat' dir='ltr'><strong>(nepos</strong></span> <span class='ocrx_word' id='word_1_131' title='bbox 675 2179 712 2249; x_wconf 87' lang='lat' dir='ltr'><strong>U)</strong></span> <span class='ocrx_word' id='word_1_132' title='bbox 734 2178 823 2248; x_wconf 75' lang='lat' dir='ltr'><strong><em>GUO,</em></strong></span> <span class='ocrx_word' id='word_1_133' title='bbox 842 2177 917 2232; x_wconf 80' lang='lat' dir='ltr'><strong>kr&#39;r‘se</strong></span> <span class='ocrx_word' id='word_1_134' title='bbox 935 2177 988 2231; x_wconf 84' lang='lat' dir='ltr'><strong>filii</strong></span> <span class='ocrx_word' id='word_1_135' title='bbox 1007 2179 1035 2246; x_wconf 91' lang='lat' dir='ltr'><strong>b,</strong></span> <span class='ocrx_word' id='word_1_136' title='bbox 1055 2195 1100 2231; x_wconf 91' lang='lat' dir='ltr'><strong>ca-</strong></span> 
     </span>
     <span class='ocr_line' id='line_1_16' title="bbox 88 2245 1100 2321; baseline 0 -19"><span class='ocrx_word' id='word_1_137' title='bbox 88 2246 193 2302; x_wconf 88' lang='lat' dir='ltr'><strong>rissimi</strong></span> <span class='ocrx_word' id='word_1_138' title='bbox 210 2245 253 2301; x_wconf 89' lang='lat' dir='ltr'><strong>fili</strong></span> <span class='ocrx_word' id='word_1_139' title='bbox 271 2248 304 2317; x_wconf 86' lang='lat' dir='ltr'><strong>P,</strong></span> <span class='ocrx_word' id='word_1_140' title='bbox 324 2248 472 2304; x_wconf 88' lang='lat' dir='ltr'><strong>karissime</strong></span> <span class='ocrx_word' id='word_1_141' title='bbox 490 2249 531 2302; x_wconf 90' lang='lat' dir='ltr'><strong>fili</strong></span> <span class='ocrx_word' id='word_1_142' title='bbox 555 2250 585 2318; x_wconf 90' lang='lat' dir='ltr'><strong>V,</strong></span> <span class='ocrx_word' id='word_1_143' title='bbox 605 2248 749 2303; x_wconf 86' lang='lat' dir='ltr'><strong>carissime</strong></span> <span class='ocrx_word' id='word_1_144' title='bbox 768 2268 793 2304; x_wconf 86' lang='lat' dir='ltr'><strong>a.</strong></span> <span class='ocrx_word' id='word_1_145' title='bbox 886 2248 977 2321; x_wconf 67' lang='lat' dir='ltr'><strong>grecis</strong></span> <span class='ocrx_word' id='word_1_146' title='bbox 996 2248 1100 2303; x_wconf 85' lang='lat' dir='ltr'><strong>litteris</strong></span> 
     </span>
     <span class='ocr_line' id='line_1_17' title="bbox 91 2317 1100 2390; baseline 0.001 -17"><span class='ocrx_word' id='word_1_147' title='bbox 91 2318 185 2388; x_wconf 84' lang='lat' dir='ltr'><strong><em>GUO,</em></strong></span> <span class='ocrx_word' id='word_1_148' title='bbox 213 2317 317 2373; x_wconf 85' lang='lat' dir='ltr'><strong>litteris</strong></span> <span class='ocrx_word' id='word_1_149' title='bbox 344 2321 435 2389; x_wconf 81' lang='lat' dir='ltr'><strong>grecis</strong></span> <span class='ocrx_word' id='word_1_150' title='bbox 455 2321 492 2389; x_wconf 93' lang='lat' dir='ltr'><strong>P,</strong></span> <span class='ocrx_word' id='word_1_151' title='bbox 520 2319 611 2375; x_wconf 87' lang='lat' dir='ltr'><strong>literis</strong></span> <span class='ocrx_word' id='word_1_152' title='bbox 635 2337 732 2390; x_wconf 75' lang='lat' dir='ltr'><strong>greccm</strong></span> <span class='ocrx_word' id='word_1_153' title='bbox 757 2321 787 2389; x_wconf 90' lang='lat' dir='ltr'><strong>V,</strong></span> <span class='ocrx_word' id='word_1_154' title='bbox 815 2320 919 2374; x_wconf 89' lang='lat' dir='ltr'><strong>litteris</strong></span> <span class='ocrx_word' id='word_1_155' title='bbox 944 2322 1055 2389; x_wconf 81' lang='lat' dir='ltr'><strong>(sinapi.)</strong></span> <span class='ocrx_word' id='word_1_156' title='bbox 1076 2323 1100 2387; x_wconf 86' lang='lat' dir='ltr'><strong>b,</strong></span> 
     </span>
     <span class='ocr_line' id='line_1_18' title="bbox 88 2388 1100 2461; baseline 0.001 -18"><span class='ocrx_word' id='word_1_157' title='bbox 88 2388 192 2444; x_wconf 88' lang='lat' dir='ltr'><strong>litteris</strong></span> <span class='ocrx_word' id='word_1_158' title='bbox 210 2389 302 2458; x_wconf 81' lang='lat' dir='ltr'><strong>grecis</strong></span> <span class='ocrx_word' id='word_1_159' title='bbox 321 2393 350 2445; x_wconf 90' lang='lat' dir='ltr'><strong>et</strong></span> <span class='ocrx_word' id='word_1_160' title='bbox 368 2391 465 2446; x_wconf 87' lang='lat' dir='ltr'><strong>latinis</strong></span> <span class='ocrx_word' id='word_1_161' title='bbox 484 2411 510 2447; x_wconf 90' lang='grc' dir='ltr'><strong>α.</strong></span> <span class='ocrx_word' id='word_1_162' title='bbox 594 2391 736 2446; x_wconf 87' lang='lat' dir='ltr'><strong>eruditum</strong></span> <span class='ocrx_word' id='word_1_163' title='bbox 756 2391 840 2461; x_wconf 74' lang='lat' dir='ltr'><strong>Ges,</strong></span> <span class='ocrx_word' id='word_1_164' title='bbox 860 2394 888 2446; x_wconf 88' lang='lat' dir='ltr'><strong>te</strong></span> <span class='ocrx_word' id='word_1_165' title='bbox 907 2390 1048 2445; x_wconf 89' lang='lat' dir='ltr'><strong>eruditum</strong></span> <span class='ocrx_word' id='word_1_166' title='bbox 1066 2392 1100 2459; x_wconf 92' lang='lat' dir='ltr'><strong>P,</strong></span> 
     </span>
     <span class='ocr_line' id='line_1_19' title="bbox 88 2460 1100 2532; baseline 0.002 -17"><span class='ocrx_word' id='word_1_167' title='bbox 88 2463 116 2515; x_wconf 84' lang='lat' dir='ltr'><strong>te</strong></span> <span class='ocrx_word' id='word_1_168' title='bbox 133 2476 196 2515; x_wconf 89' lang='lat' dir='ltr'><strong>esse</strong></span> <span class='ocrx_word' id='word_1_169' title='bbox 217 2460 358 2515; x_wconf 89' lang='lat' dir='ltr'><strong>eruditum</strong></span> <span class='ocrx_word' id='word_1_170' title='bbox 370 2481 396 2532; x_wconf 81' lang='lat' dir='ltr'><strong>a,</strong></span> <span class='ocrx_word' id='word_1_171' title='bbox 415 2465 445 2517; x_wconf 90' lang='lat' dir='ltr'><strong>te</strong></span> <span class='ocrx_word' id='word_1_172' title='bbox 464 2461 574 2516; x_wconf 88' lang='lat' dir='ltr'><strong>erudire</strong></span> <span class='ocrx_word' id='word_1_173' title='bbox 589 2464 613 2531; x_wconf 88' lang='lat' dir='ltr'><strong>b,</strong></span> <span class='ocrx_word' id='word_1_174' title='bbox 631 2465 661 2517; x_wconf 87' lang='lat' dir='ltr'><strong>te</strong></span> <span class='ocrx_word' id='word_1_175' title='bbox 676 2462 773 2517; x_wconf 88' lang='lat' dir='ltr'><strong>eridiri</strong></span> <span class='ocrx_word' id='word_1_176' title='bbox 788 2464 818 2519; x_wconf 90' lang='lat' dir='ltr'><strong>V.</strong></span> <span class='ocrx_word' id='word_1_177' title='bbox 873 2470 891 2518; x_wconf 86' lang='lat'>4</span> <span class='ocrx_word' id='word_1_178' title='bbox 906 2462 1100 2532; x_wconf 86' lang='lat' dir='ltr'><strong>disciplinam:</strong></span> 
     </span>
     <span class='ocr_line' id='line_1_20' title="bbox 87 2530 1115 2604; baseline 0.004 -20"><span class='ocrx_word' id='word_1_179' title='bbox 87 2530 225 2586; x_wconf 85' lang='lat' dir='ltr'><strong>noticiam</strong></span> <span class='ocrx_word' id='word_1_180' title='bbox 243 2533 259 2586; x_wconf 83' lang='lat' dir='ltr'><strong><em>b</em></strong></span> <span class='ocrx_word' id='word_1_181' title='bbox 279 2534 384 2601; x_wconf 80' lang='lat' dir='ltr'><strong>(soluo).</strong></span> <span class='ocrx_word' id='word_1_182' title='bbox 456 2549 551 2602; x_wconf 85' lang='lat' dir='ltr'><strong>posse:</strong></span> <span class='ocrx_word' id='word_1_183' title='bbox 570 2532 683 2587; x_wconf 83' lang='lat' dir='ltr'><strong>facilius</strong></span> <span class='ocrx_word' id='word_1_184' title='bbox 701 2551 784 2603; x_wconf 87' lang='lat' dir='ltr'><strong>posse</strong></span> <span class='ocrx_word' id='word_1_185' title='bbox 803 2535 835 2588; x_wconf 93' lang='lat' dir='ltr'><strong>P.</strong></span> <span class='ocrx_word' id='word_1_186' title='bbox 871 2589 875 2596; x_wconf 72' lang='grc'><em>,</em></span> <span class='ocrx_word' id='word_1_187' title='bbox 920 2534 1066 2604; x_wconf 87' lang='lat' dir='ltr'><strong>pervenire</strong></span> <span class='ocrx_word' id='word_1_188' title='bbox 1085 2535 1115 2588; x_wconf 81' lang='lat' dir='ltr'><strong>b·</strong></span> 
     </span>
     <span class='ocr_line' id='line_1_21' title="bbox 89 2600 1038 2675; baseline 0.003 -17"><span class='ocrx_word' id='word_1_189' title='bbox 89 2604 146 2671; x_wconf 77' lang='lat' dir='ltr'><strong>(eoi</strong></span> <span class='ocrx_word' id='word_1_190' title='bbox 165 2600 250 2657; x_wconf 88' lang='lat' dir='ltr'><strong>adh.</strong></span> <span class='ocrx_word' id='word_1_191' title='bbox 268 2620 296 2655; x_wconf 87' lang='lat' dir='ltr'><strong>n.</strong></span> <span class='ocrx_word' id='word_1_192' title='bbox 314 2603 672 2673; x_wconf 84' lang='lat' dir='ltr'><strong>possitamenpervenire),</strong></span> <span class='ocrx_word' id='word_1_193' title='bbox 691 2605 787 2659; x_wconf 85' lang='lat' dir='ltr'><strong>uenire</strong></span> <span class='ocrx_word' id='word_1_194' title='bbox 806 2606 843 2661; x_wconf 91' lang='lat' dir='ltr'><strong>P:</strong></span> <span class='ocrx_word' id='word_1_195' title='bbox 862 2623 912 2660; x_wconf 86' lang='lat' dir='ltr'><strong>om.</strong></span> <span class='ocrx_word' id='word_1_196' title='bbox 932 2607 1038 2675; x_wconf 75' lang='lat' dir='ltr'><strong>reliqui.</strong></span> 
     </span>
     <span class='ocr_line' id='line_1_22' title="bbox 87 2674 1100 2744; baseline 0.001 -16"><span class='ocrx_word' id='word_1_197' title='bbox 87 2676 184 2728; x_wconf 83' lang='lat' dir='ltr'><strong>tamen</strong></span> <span class='ocrx_word' id='word_1_198' title='bbox 202 2689 253 2728; x_wconf 85' lang='lat' dir='ltr'><strong>om.</strong></span> <span class='ocrx_word' id='word_1_199' title='bbox 277 2674 358 2743; x_wconf 90' lang='lat' dir='ltr'><strong>V(c).</strong></span> <span class='ocrx_word' id='word_1_200' title='bbox 413 2691 449 2729; x_wconf 91' lang='lat' dir='ltr'><strong>ne</strong></span> <span class='ocrx_word' id='word_1_201' title='bbox 468 2674 537 2743; x_wconf 91' lang='lat' dir='ltr'><strong>quid</strong></span> <span class='ocrx_word' id='word_1_202' title='bbox 554 2674 610 2729; x_wconf 87' lang='lat' dir='ltr'><strong>tibi</strong></span> <span class='ocrx_word' id='word_1_203' title='bbox 629 2676 751 2744; x_wconf 84' lang='lat' dir='ltr'><strong><em>PVGo,</em></strong></span> <span class='ocrx_word' id='word_1_204' title='bbox 771 2676 840 2744; x_wconf 89' lang='lat' dir='ltr'><strong>quid</strong></span> <span class='ocrx_word' id='word_1_205' title='bbox 858 2675 913 2730; x_wconf 91' lang='lat' dir='ltr'><strong>tibi</strong></span> <span class='ocrx_word' id='word_1_206' title='bbox 931 2679 990 2744; x_wconf 83' lang='lat' dir='ltr'><strong>(om.</strong></span> <span class='ocrx_word' id='word_1_207' title='bbox 1010 2680 1056 2743; x_wconf 90' lang='lat' dir='ltr'><strong>ne)</strong></span> <span class='ocrx_word' id='word_1_208' title='bbox 1073 2675 1100 2742; x_wconf 80' lang='lat'><strong>0,</strong></span> 
     </span>
     <span class='ocr_line' id='line_1_23' title="bbox 88 2743 1100 2816; baseline -0.001 -18"><span class='ocrx_word' id='word_1_209' title='bbox 88 2743 110 2797; x_wconf 79' lang='lat' dir='ltr'><strong>da</strong></span> <span class='ocrx_word' id='word_1_210' title='bbox 127 2744 160 2798; x_wconf 88' lang='lat' dir='ltr'><strong>id</strong></span> <span class='ocrx_word' id='word_1_211' title='bbox 177 2743 235 2798; x_wconf 89' lang='lat' dir='ltr'><strong>tibi</strong></span> <span class='ocrx_word' id='word_1_212' title='bbox 257 2743 289 2806; x_wconf 86' lang='lat' dir='ltr'><strong>U,</strong></span> <span class='ocrx_word' id='word_1_213' title='bbox 308 2744 406 2814; x_wconf 88' lang='lat' dir='ltr'><strong>Neque</strong></span> <span class='ocrx_word' id='word_1_214' title='bbox 424 2745 479 2801; x_wconf 88' lang='lat' dir='ltr'><strong>tibi</strong></span> <span class='ocrx_word' id='word_1_215' title='bbox 499 2749 521 2801; x_wconf 82' lang='lat' dir='ltr'><strong>b.</strong></span> <span class='ocrx_word' id='word_1_216' title='bbox 601 2752 616 2800; x_wconf 77' lang='grc' dir='ltr'>ὃ</span> <span class='ocrx_word' id='word_1_217' title='bbox 636 2747 805 2816; x_wconf 85' lang='lat' dir='ltr'><strong>denegarem</strong></span> <span class='ocrx_word' id='word_1_218' title='bbox 823 2750 898 2815; x_wconf 87' lang='lat' dir='ltr'><strong>(-re</strong></span> <span class='ocrx_word' id='word_1_219' title='bbox 918 2747 950 2816; x_wconf 81' lang='lat' dir='ltr'><strong>C)</strong></span> <span class='ocrx_word' id='word_1_220' title='bbox 968 2763 1002 2800; x_wconf 88' lang='lat' dir='ltr'><strong>ex</strong></span> <span class='ocrx_word' id='word_1_221' title='bbox 1020 2745 1100 2800; x_wconf 87' lang='lat' dir='ltr'><strong>libris</strong></span> 
     </span>
    </p>
   </div>
   <div class='ocr_carea' id='block_1_4' title="bbox 87 2831 1103 3560">
    <p class='ocr_par' dir='ltr' id='par_1_4' title="bbox 90 2831 1019 2922">
     <span class='ocr_line' id='line_1_24' title="bbox 90 2831 1019 2922; baseline -0.001 -16"><span class='ocrx_word' id='word_1_222' title='bbox 90 2851 228 2919; x_wconf 72' lang='lat' dir='ltr'><strong>soora,</strong></span> <span class='ocrx_word' id='word_1_223' title='bbox 249 2851 387 2921; x_wconf 87' lang='lat' dir='ltr'><strong>denegare</strong></span> <span class='ocrx_word' id='word_1_224' title='bbox 406 2869 450 2906; x_wconf 89' lang='lat' dir='ltr'><strong>me</strong></span> <span class='ocrx_word' id='word_1_225' title='bbox 469 2851 544 2907; x_wconf 88' lang='lat' dir='ltr'><strong>iures</strong></span> <span class='ocrx_word' id='word_1_226' title='bbox 563 2854 587 2922; x_wconf 84' lang='lat' dir='ltr'><strong>b,</strong></span> <span class='ocrx_word' id='word_1_227' title='bbox 607 2831 880 2921; x_wconf 68' lang='lat' dir='ltr'><strong>denegaremiidear.</strong></span> <span class='ocrx_word' id='word_1_228' title='bbox 900 2851 968 2904; x_wconf 90' lang='lat' dir='ltr'><strong>iuris</strong></span> <span class='ocrx_word' id='word_1_229' title='bbox 988 2853 1019 2905; x_wconf 91' lang='lat' dir='ltr'><strong>P.</strong></span> 
     </span>
    </p>

    <p class='ocr_par' dir='ltr' id='par_1_5' title="bbox 87 2920 1103 3560">
     <span class='ocr_line' id='line_1_25' title="bbox 88 2920 1100 2993; baseline 0 -17"><span class='ocrx_word' id='word_1_230' title='bbox 88 2927 104 2976; x_wconf 83' lang='lat'><strong>6</strong></span> <span class='ocrx_word' id='word_1_231' title='bbox 117 2921 262 2992; x_wconf 83' lang='lat' dir='ltr'><strong>ypocratis</strong></span> <span class='ocrx_word' id='word_1_232' title='bbox 273 2922 361 2992; x_wconf 74' lang='lat' dir='ltr'><strong>Poe,</strong></span> <span class='ocrx_word' id='word_1_233' title='bbox 376 2923 538 2993; x_wconf 88' lang='lat' dir='ltr'><strong>yppocratis</strong></span> <span class='ocrx_word' id='word_1_234' title='bbox 549 2926 572 2993; x_wconf 82' lang='lat' dir='ltr'><strong>b,</strong></span> <span class='ocrx_word' id='word_1_235' title='bbox 587 2922 733 2992; x_wconf 81' lang='lat' dir='ltr'><strong>ypogratis</strong></span> <span class='ocrx_word' id='word_1_236' title='bbox 747 2923 778 2992; x_wconf 87' lang='lat' dir='ltr'><strong>U,</strong></span> <span class='ocrx_word' id='word_1_237' title='bbox 792 2921 950 2992; x_wconf 84' lang='lat' dir='ltr'><strong>hipogratis</strong></span> <span class='ocrx_word' id='word_1_238' title='bbox 965 2923 996 2976; x_wconf 86' lang='lat' dir='ltr'><strong>V:</strong></span> <span class='ocrx_word' id='word_1_239' title='bbox 1011 2938 1061 2976; x_wconf 88' lang='lat' dir='ltr'><strong>om.</strong></span> <span class='ocrx_word' id='word_1_240' title='bbox 1073 2920 1100 2976; x_wconf 81' lang='lat'><strong>0.</strong></span> 
     </span>
     <span class='ocr_line' id='line_1_26' title="bbox 87 2992 1100 3064; baseline -0.001 -16"><span class='ocrx_word' id='word_1_241' title='bbox 87 2996 143 3049; x_wconf 73' lang='lat' dir='ltr'><strong>cred.</strong></span> <span class='ocrx_word' id='word_1_242' title='bbox 168 3010 203 3049; x_wconf 74' lang='lat' dir='ltr'><strong>ccc</strong></span> <span class='ocrx_word' id='word_1_243' title='bbox 226 2993 315 3063; x_wconf 75' lang='lat' dir='ltr'><strong>Hippo.</strong></span> <span class='ocrx_word' id='word_1_244' title='bbox 339 3013 363 3064; x_wconf 77' lang='lat' dir='ltr'><strong>q.</strong></span> <span class='ocrx_word' id='word_1_245' title='bbox 386 2996 406 3062; x_wconf 74' lang='lat' dir='ltr'><strong>f.</strong></span> <span class='ocrx_word' id='word_1_246' title='bbox 428 2996 444 3050; x_wconf 85' lang='lat' dir='ltr'><strong>l.</strong></span> <span class='ocrx_word' id='word_1_247' title='bbox 469 2997 501 3050; x_wconf 81' lang='lat' dir='ltr'><strong>de</strong></span> <span class='ocrx_word' id='word_1_248' title='bbox 522 3002 627 3049; x_wconf 78' lang='lat' dir='ltr'><strong>maiora</strong></span> <span class='ocrx_word' id='word_1_249' title='bbox 648 2995 772 3049; x_wconf 72' lang='lat' dir='ltr'><strong>dedeima.</strong></span> <span class='ocrx_word' id='word_1_250' title='bbox 889 2992 990 3046; x_wconf 88' lang='lat' dir='ltr'><strong>intima</strong></span> <span class='ocrx_word' id='word_1_251' title='bbox 1011 2992 1100 3060; x_wconf 79' lang='lat' dir='ltr'><strong><em>GUO,</em></strong></span> 
     </span>
     <span class='ocr_line' id='line_1_27' title="bbox 88 3062 1100 3135; baseline -0.002 -17"><span class='ocrx_word' id='word_1_252' title='bbox 88 3065 142 3135; x_wconf 73' lang='lat' dir='ltr'><strong>siiy</strong></span> <span class='ocrx_word' id='word_1_253' title='bbox 160 3066 340 3134; x_wconf 77' lang='lat' dir='ltr'><strong>acpncomaca</strong></span> <span class='ocrx_word' id='word_1_254' title='bbox 364 3066 486 3134; x_wconf 83' lang='lat' dir='ltr'><strong>Vcb(o),</strong></span> <span class='ocrx_word' id='word_1_255' title='bbox 505 3064 683 3120; x_wconf 84' lang='lat' dir='ltr'><strong>Fintosmata</strong></span> <span class='ocrx_word' id='word_1_256' title='bbox 701 3066 734 3120; x_wconf 90' lang='lat' dir='ltr'><strong>P.</strong></span> <span class='ocrx_word' id='word_1_257' title='bbox 819 3062 941 3118; x_wconf 83' lang='lat' dir='ltr'><strong>latinavi</strong></span> <span class='ocrx_word' id='word_1_258' title='bbox 959 3064 1040 3131; x_wconf 75' lang='lat' dir='ltr'><strong>Poe,</strong></span> <span class='ocrx_word' id='word_1_259' title='bbox 1060 3062 1100 3116; x_wconf 89' lang='lat' dir='ltr'><strong>la·</strong></span> 
     </span>
     <span class='ocr_line' id='line_1_28' title="bbox 87 3132 1100 3205; baseline -0.005 -15"><span class='ocrx_word' id='word_1_260' title='bbox 87 3135 180 3190; x_wconf 85' lang='lat' dir='ltr'><strong>tinabi</strong></span> <span class='ocrx_word' id='word_1_261' title='bbox 201 3135 229 3204; x_wconf 84' lang='lat'><strong>0,</strong></span> <span class='ocrx_word' id='word_1_262' title='bbox 248 3134 353 3189; x_wconf 89' lang='lat' dir='ltr'><strong>latinas</strong></span> <span class='ocrx_word' id='word_1_263' title='bbox 369 3137 399 3203; x_wconf 89' lang='lat' dir='ltr'><strong>V,</strong></span> <span class='ocrx_word' id='word_1_264' title='bbox 418 3136 507 3190; x_wconf 86' lang='lat' dir='ltr'><strong>latine</strong></span> <span class='ocrx_word' id='word_1_265' title='bbox 519 3137 579 3204; x_wconf 82' lang='lat' dir='ltr'><strong>(obi</strong></span> <span class='ocrx_word' id='word_1_266' title='bbox 592 3152 607 3190; x_wconf 94' lang='lat' dir='ltr'><strong>e</strong></span> <span class='ocrx_word' id='word_1_267' title='bbox 621 3137 653 3189; x_wconf 84' lang='lat' dir='ltr'><strong>io</strong></span> <span class='ocrx_word' id='word_1_268' title='bbox 670 3143 739 3195; x_wconf 59' lang='lat' dir='ltr'><strong>ras.)</strong></span> <span class='ocrx_word' id='word_1_269' title='bbox 750 3135 782 3188; x_wconf 84' lang='lat' dir='ltr'><strong>G.</strong></span> <span class='ocrx_word' id='word_1_270' title='bbox 842 3152 896 3205; x_wconf 65' lang='lat' dir='ltr'><strong>quc</strong></span> <span class='ocrx_word' id='word_1_271' title='bbox 916 3133 983 3201; x_wconf 88' lang='lat' dir='ltr'><strong>quia</strong></span> <span class='ocrx_word' id='word_1_272' title='bbox 999 3132 1100 3202; x_wconf 86' lang='lat' dir='ltr'><strong>dignus</strong></span> 
     </span>
     <span class='ocr_line' id='line_1_29' title="bbox 88 3203 1100 3276; baseline -0.005 -15"><span class='ocrx_word' id='word_1_273' title='bbox 88 3223 116 3261; x_wconf 87' lang='lat' dir='ltr'><strong>es</strong></span> <span class='ocrx_word' id='word_1_274' title='bbox 131 3208 187 3276; x_wconf 87' lang='lat' dir='ltr'><strong>(est</strong></span> <span class='ocrx_word' id='word_1_275' title='bbox 202 3211 267 3259; x_wconf 60' lang='grc' dir='ltr'><strong>εδ</strong></span> <span class='ocrx_word' id='word_1_276' title='bbox 288 3205 323 3275; x_wconf 82' lang='lat' dir='ltr'><strong>G)</strong></span> <span class='ocrx_word' id='word_1_277' title='bbox 344 3205 441 3262; x_wconf 82' lang='lat' dir='ltr'>GUO:</span> <span class='ocrx_word' id='word_1_278' title='bbox 461 3223 515 3275; x_wconf 90' lang='lat' dir='ltr'><strong>que</strong></span> <span class='ocrx_word' id='word_1_279' title='bbox 534 3206 589 3261; x_wconf 88' lang='lat' dir='ltr'><strong>tibi</strong></span> <span class='ocrx_word' id='word_1_280' title='bbox 608 3205 676 3274; x_wconf 87' lang='lat' dir='ltr'><strong>quia</strong></span> <span class='ocrx_word' id='word_1_281' title='bbox 695 3205 796 3275; x_wconf 84' lang='lat' dir='ltr'><strong>dignus</strong></span> <span class='ocrx_word' id='word_1_282' title='bbox 815 3221 844 3258; x_wconf 89' lang='lat' dir='ltr'><strong>es</strong></span> <span class='ocrx_word' id='word_1_283' title='bbox 860 3205 916 3273; x_wconf 87' lang='lat' dir='ltr'><strong>Pa,</strong></span> <span class='ocrx_word' id='word_1_284' title='bbox 936 3221 970 3259; x_wconf 84' lang='lat' dir='ltr'><strong>ex</strong></span> <span class='ocrx_word' id='word_1_285' title='bbox 989 3204 1027 3273; x_wconf 85' lang='lat' dir='ltr'><strong>qd</strong></span> <span class='ocrx_word' id='word_1_286' title='bbox 1045 3203 1100 3258; x_wconf 91' lang='lat' dir='ltr'><strong>tibi</strong></span> 
     </span>
     <span class='ocr_line' id='line_1_30' title="bbox 89 3274 1034 3347; baseline -0.001 -16"><span class='ocrx_word' id='word_1_287' title='bbox 89 3277 188 3347; x_wconf 76' lang='lat' dir='ltr'><strong>dignes</strong></span> <span class='ocrx_word' id='word_1_288' title='bbox 212 3277 244 3346; x_wconf 89' lang='lat' dir='ltr'><strong>V,</strong></span> <span class='ocrx_word' id='word_1_289' title='bbox 264 3274 353 3330; x_wconf 82' lang='lat' dir='ltr'><strong>Credo</strong></span> <span class='ocrx_word' id='word_1_290' title='bbox 372 3277 439 3345; x_wconf 87' lang='lat' dir='ltr'><strong>quia</strong></span> <span class='ocrx_word' id='word_1_291' title='bbox 459 3277 575 3346; x_wconf 85' lang='lat' dir='ltr'><strong>dignum</strong></span> <span class='ocrx_word' id='word_1_292' title='bbox 611 3279 655 3330; x_wconf 87' lang='lat' dir='ltr'><strong>est</strong></span> <span class='ocrx_word' id='word_1_293' title='bbox 673 3278 696 3332; x_wconf 84' lang='lat' dir='ltr'><strong>b.</strong></span> <span class='ocrx_word' id='word_1_294' title='bbox 770 3276 922 3330; x_wconf 76' lang='lat' dir='ltr'><strong>idaturos</strong></span> <span class='ocrx_word' id='word_1_295' title='bbox 941 3293 990 3330; x_wconf 82' lang='lat' dir='ltr'><strong>ooo.</strong></span> <span class='ocrx_word' id='word_1_296' title='bbox 1011 3278 1034 3330; x_wconf 85' lang='lat' dir='ltr'><strong>b.</strong></span> 
     </span>
     <span class='ocr_line' id='line_1_31' title="bbox 88 3344 1101 3418; baseline -0.003 -16"><span class='ocrx_word' id='word_1_297' title='bbox 88 3349 227 3418; x_wconf 80' lang='lat' dir='ltr'><strong>(daturus)</strong></span> <span class='ocrx_word' id='word_1_298' title='bbox 246 3346 301 3401; x_wconf 81' lang='lat' dir='ltr'><strong>tibi</strong></span> <span class='ocrx_word' id='word_1_299' title='bbox 320 3349 384 3403; x_wconf 79' lang='lat' dir='ltr'><strong>add.</strong></span> <span class='ocrx_word' id='word_1_300' title='bbox 406 3349 575 3416; x_wconf 66' lang='lat' dir='ltr'><strong>(idom),</strong></span> <span class='ocrx_word' id='word_1_301' title='bbox 594 3365 643 3402; x_wconf 52' lang='lat' dir='ltr'><strong>om.</strong></span> <span class='ocrx_word' id='word_1_302' title='bbox 655 3349 707 3416; x_wconf 89' lang='lat' dir='ltr'><strong>P(</strong></span> <span class='ocrx_word' id='word_1_303' title='bbox 716 3351 741 3416; x_wconf 95' lang='lat'><strong>).</strong></span> <span class='ocrx_word' id='word_1_304' title='bbox 810 3346 857 3400; x_wconf 87' lang='lat' dir='ltr'><strong>avi</strong></span> <span class='ocrx_word' id='word_1_305' title='bbox 875 3346 918 3400; x_wconf 84' lang='lat' dir='ltr'><strong>cui</strong></span> <span class='ocrx_word' id='word_1_306' title='bbox 935 3346 1026 3416; x_wconf 88' lang='lat' dir='ltr'><strong>patris</strong></span> <span class='ocrx_word' id='word_1_307' title='bbox 1045 3344 1101 3400; x_wconf 86' lang='lat' dir='ltr'><strong>mei</strong></span> 
     </span>
     <span class='ocr_line' id='line_1_32' title="bbox 89 3417 1103 3490; baseline -0.002 -17"><span class='ocrx_word' id='word_1_308' title='bbox 89 3419 179 3487; x_wconf 80' lang='lat' dir='ltr'><strong><em>GUO,</em></strong></span> <span class='ocrx_word' id='word_1_309' title='bbox 199 3417 294 3472; x_wconf 83' lang='lat' dir='ltr'><strong>avitus</strong></span> <span class='ocrx_word' id='word_1_310' title='bbox 311 3419 314 3490; x_wconf 68' lang='lat' dir='ltr'><strong>t</strong></span> <span class='ocrx_word' id='word_1_311' title='bbox 330 3437 357 3488; x_wconf 91' lang='lat' dir='ltr'><strong>p.</strong></span> <span class='ocrx_word' id='word_1_312' title='bbox 376 3437 412 3474; x_wconf 89' lang='lat' dir='ltr'><strong>m.</strong></span> <span class='ocrx_word' id='word_1_313' title='bbox 429 3421 459 3488; x_wconf 90' lang='lat' dir='ltr'><strong>V,</strong></span> <span class='ocrx_word' id='word_1_314' title='bbox 478 3417 525 3473; x_wconf 88' lang='lat' dir='ltr'><strong>aui</strong></span> <span class='ocrx_word' id='word_1_315' title='bbox 539 3417 549 3470; x_wconf 93' lang='lat' dir='ltr'><strong>i</strong></span> <span class='ocrx_word' id='word_1_316' title='bbox 563 3418 606 3472; x_wconf 90' lang='lat' dir='ltr'><strong>tui</strong></span> <span class='ocrx_word' id='word_1_317' title='bbox 619 3437 646 3487; x_wconf 90' lang='lat' dir='ltr'><strong>p.</strong></span> <span class='ocrx_word' id='word_1_318' title='bbox 661 3437 697 3472; x_wconf 93' lang='lat' dir='ltr'><strong>m.</strong></span> <span class='ocrx_word' id='word_1_319' title='bbox 713 3419 746 3487; x_wconf 91' lang='lat' dir='ltr'><strong>P,</strong></span> <span class='ocrx_word' id='word_1_320' title='bbox 765 3417 864 3472; x_wconf 75' lang='lat' dir='ltr'><strong>averti</strong></span> <span class='ocrx_word' id='word_1_321' title='bbox 877 3436 904 3487; x_wconf 92' lang='lat' dir='ltr'><strong>p.</strong></span> <span class='ocrx_word' id='word_1_322' title='bbox 919 3436 955 3472; x_wconf 88' lang='lat' dir='ltr'><strong>m.</strong></span> <span class='ocrx_word' id='word_1_323' title='bbox 971 3421 998 3474; x_wconf 85' lang='lat' dir='ltr'><strong>b:</strong></span> <span class='ocrx_word' id='word_1_324' title='bbox 1018 3434 1068 3473; x_wconf 81' lang='lat' dir='ltr'><strong>ooo.</strong></span> <span class='ocrx_word' id='word_1_325' title='bbox 1083 3433 1103 3471; x_wconf 84' lang='lat' dir='ltr'><strong>a</strong></span> 
     </span>
     <span class='ocr_line' id='line_1_33' title="bbox 87 3489 572 3560; baseline -0.004 -14"><span class='ocrx_word' id='word_1_326' title='bbox 87 3492 146 3559; x_wconf 81' lang='lat' dir='ltr'><strong>(coi</strong></span> <span class='ocrx_word' id='word_1_327' title='bbox 162 3489 320 3544; x_wconf 82' lang='lat' dir='ltr'><strong>tradituros</strong></span> <span class='ocrx_word' id='word_1_328' title='bbox 340 3492 371 3542; x_wconf 83' lang='lat' dir='ltr'><strong>ds</strong></span> <span class='ocrx_word' id='word_1_329' title='bbox 389 3489 488 3560; x_wconf 88' lang='lat' dir='ltr'><strong>libros)</strong></span> <span class='ocrx_word' id='word_1_330' title='bbox 506 3496 531 3544; x_wconf 86' lang='lat' dir='ltr'><strong>et</strong></span> <span class='ocrx_word' id='word_1_331' title='bbox 548 3507 572 3544; x_wconf 86' lang='lat' dir='ltr'><strong>c.</strong></span> 
     </span>
    </p>
   </div>
   <div class='ocr_carea' id='block_1_5' title="bbox 0 0 1205 3922">
    <p class='ocr_par' dir='ltr' id='par_1_6' title="bbox 0 0 1205 3922">
     <span class='ocr_line' id='line_1_34' title="bbox 0 0 1205 3922; baseline 0 0"><span class='ocrx_word' id='word_1_332' title='bbox 0 0 1205 3922; x_wconf 95' lang='lat' dir='ltr'><strong> </strong></span> 
     </span>
    </p>
   </div>
  </div>
 </body>
</html>
