2392 3924
85 186 152 250 436
488 184 692 238 VINDICIANI

88 348 238 411 utrumque
250 342 393 396 carnalem
405 342 490 396 modo
505 341 596 396 cludit
623 357 652 396 se
670 343 755 396 modo
775 341 874 411 aperit.
901 341 984 396 modo
1002 337 1082 394 cludit.

88 415 172 469 modo
192 412 292 483 aperit.
313 413 406 482 aperit
424 415 520 468 autem
539 412 595 482 spi·
622 429 686 467 oum
704 413 876 468 manducare
894 411 1022 482 coeperit.
1040 412 1084 463 sto·

89 484 203 539 ritalem
230 483 280 552 qui
302 484 426 552 (quando
449 486 529 553 corr.)
553 483 595 537 lo·
622 484 739 538 machus
750 485 972 552 autempetauro
982 480 1086 536 similem

90 555 202 624 quimur
211 554 302 608 cludit
312 557 408 608 autem
419 571 503 622 quem
516 571 595 608 man-
623 554 789 610 coniunctus
799 556 844 609 est
853 553 955 610 canali.
966 554 1036 608 unde
1044 552 1086 604 hoc

91 628 233 680 ducamus.
262 626 337 679 unde
360 625 414 679 hoc
437 625 468 678 in
492 625 595 693 quihus
622 642 771 694 possumus
791 625 862 680 scire
877 626 954 693 quod
968 641 997 679 se
1011 621 1088 693 aperit

88 714 236 766 possumus
256 696 327 750 scire
346 696 370 749 si
397 697 510 764 quando
529 712 596 765 epu·
624 695 732 750 canalis
742 696 804 766 ipse
814 699 843 750 et
852 695 982 751 recludit.
991 693 1087 764 quando

88 768 188 822 lamus.
225 770 253 821 et
284 766 360 820 inter
392 766 490 836 epulas
522 766 595 820 risus
624 769 720 821 autem
743 767 891 836 epulamur
914 767 988 821 cont'
1030 765 1049 818 't
1063 765 1089 816 ul

88 838 216 893 nascitur
235 854 324 907 organ
359 837 465 910 insuite
480 854 546 891 suco
562 854 597 891 ex
623 837 696 891 risus
714 840 849 892 nascatur
870 837 902 892 in
924 838 978 893 hoc
996 834 1087 891 canale.

89 909 153 963 cibo
173 912 202 963 et
219 911 289 978 potu
313 926 331 963 a
345 908 424 976 'quid
442 907 597 963 extraxerit
624 908 649 962 si
676 909 850 964 consuetudo
883 925 951 963 suco
983 926 1035 978 que
1063 923 1089 959 cx

90 980 189 1034 statim
211 979 298 1034 tussis
316 979 481 1047 insequitur.
507 980 596 1033 donec
624 978 688 1033 cibo
715 979 755 1035 fit.
784 979 830 1034 vel
854 979 972 1049 potione
995 976 1089 1046 ahquid

89 1051 209 1120 implent
246 1050 346 1120 spirito
378 1053 449 1132 (spo)
481 1049 596 1104 trahent
624 1050 852 1120 der(s⁶)traxerit.
886 1050 988 1105 statim
1017 1046 1089 1104 tussis

89 1122 165 1190 quod
184 1124 314 1194 evaserat
334 1123 463 1175 annestro
482 1121 552 1188 quid
565 1120 597 1174 in
623 1122 759 1191 sequitur.
774 1121 983 1190 interpediente
994 1119 1088 1190 spiritu.

90 1210 155 1246 suas
178 1192 283 1247 iterum
309 1194 424 1247 revocat
449 1191 526 1246 vocis
549 1191 596 1246 vel
622 1192 696 1247 illud
728 1193 805 1260 quod
837 1191 982 1247 obheserit
1009 1189 1089 1245 nescio

90 1263 174 1332 paris.
622 1263 692 1331 quid
707 1264 796 1318 donec
810 1262 841 1317 in
855 1280 907 1318 sna
922 1263 1090 1317 derevooetnr

624 1337 714 1404 parte.

125 1936 162 2003 (9)
184 1932 252 1987 huic
280 1949 347 2002 ergo
374 1933 473 2003 lingua
496 1933 596 1988 dextra
659 1937 697 2005 (9)
715 1933 762 1988 hic
782 1936 878 1988 autem
895 1933 994 2008 lingue
1012 1931 1091 1987 idest

90 2003 210 2072 levaque
239 2004 391 2073 sublingua
419 2007 485 2058 sunt
508 2003 597 2073 positi
624 2005 739 2076 epyolos
754 2005 899 2074 (epyglose
913 2009 940 2068 ol
957 2021 987 2060 se
1005 2005 1090 2059 dextro

91 2076 168 2142 quod
191 2078 287 2130 autem
311 2091 395 2144 super
420 2075 513 2144 pende
537 2074 596 2129 illis
623 2076 743 2146 levaque
770 2075 883 2130 tuscille
912 2079 979 2131 sunt
1002 2073 1090 2145 posite.

90 2162 175 2215 super
194 2146 266 2200 alias
286 2146 414 2200 carnales
435 2164 522 2200 unum
540 2163 597 2214 qua
623 2149 700 2216 quod
714 2149 811 2203 autem
824 2164 909 2217 super
922 2147 1027 2217 pendet
1035 2143 1090 2198 illis.

89 2216 155 2269 cibo
174 2217 219 2271 vel
241 2219 312 2287 potu
335 2217 492 2272 instomaco
510 2233 597 2271 mem·
623 2236 679 2273 uva
717 2218 828 2272 dicitur.
865 2218 973 2287 pendet
1009 2219 1091 2271 autem

89 2287 195 2341 branus
215 2287 326 2344 dicitur.
349 2287 530 2358 coniungitur
548 2305 597 2342 au·
624 2306 708 2359 super
726 2290 796 2343 duos
815 2289 939 2344 canales.
959 2288 1008 2343 isti
1025 2303 1091 2341 num·

90 2360 149 2410 tem
167 2358 335 2429 gurgulione
355 2363 384 2414 et
401 2359 542 2428 pulmone.
624 2377 710 2430 quam
734 2359 850 2430 potione
878 2363 908 2414 et
935 2359 1015 2414 cibus
1045 2359 1091 2434 sto3

623 2431 724 2485 macho
751 2430 846 2485 ferunt
869 2447 955 2498 quem
982 2429 1091 2500 epigesu

624 2501 771 2573 <epyglissi
784 2505 811 2582 o)
829 2501 986 2556 continent.
1005 2503 1034 2556 et
1046 2496 1091 2568 spi·

624 2573 738 2627 ritalem
752 2571 863 2627 dicrtur.
884 2572 959 2626 alius
972 2588 1037 2626 vero
1053 2584 1089 2623 ca·

623 2643 698 2697 nelis
713 2644 824 2698 deretro
838 2643 952 2697 iunctus
967 2646 1010 2697 est
1023 2639 1089 2711 spine

624 2714 673 2783 qui
696 2714 858 2768 stomachus
883 2714 996 2770 dicitur.
1022 2710 1089 2766 sins

624 2784 984 2924 dffilttsstdltffiffl
1004 2730 1089 2854 aa
