2392 3922
460 115 729 167 ADDITAMENTA.
1036 111 1101 176 335

78 274 167 342 Iovis,
188 273 212 326 si
231 273 295 342 quis
311 271 451 327 calculum
465 271 582 341 patitur,
602 274 650 325 eat
664 270 694 325 in
708 272 842 325 balneum
857 274 885 325 et
900 288 984 340 supra
999 271 1101 324 solium

79 354 249 422 descendat,
268 356 297 407 et
316 370 401 406 sanus
421 352 482 406 erit.
509 351 563 404 hoc
586 354 630 405 ter
653 354 766 421 oportet
788 351 861 420 fieri,
885 351 1016 419 quotiens
1041 351 1100 404 dies

78 434 158 488 Iovis
177 432 272 488 fuerit.
293 432 372 486 etin
389 431 556 484 mulieribus
575 431 628 485 hoc
648 433 801 500 expertum.
829 432 953 485 verbena
975 431 1053 499 trita,
1073 433 1102 484 et

80 533 147 568 cum
166 513 233 567 vino
251 513 342 568 bibat.
371 529 438 566 nam
456 511 538 565 radix
557 510 618 565 eius
636 514 721 565 tunsa
740 528 804 564 cum
822 511 914 565 mulsa
932 511 1013 580 potui
1033 511 1102 564 data

80 593 293 648 incredibiliter
306 593 431 662 prodest,
454 594 483 646 et
502 591 613 644 urinam
633 591 731 645 statim
745 591 848 645 educit.
873 590 1019 644 artemisia
1037 607 1102 644 cum
1128 607 1134 644 ε

80 677 179 728 murta
196 673 275 741 trita,
296 689 360 726 cum
378 672 471 726 mulsa
490 674 587 739 cyatos
601 671 656 724 IIII
674 671 785 726 ieiunus
800 671 924 725 calidum
938 670 1027 725 bibat.
1047 670 1101 724 hoc

82 753 227 808 calculum
243 752 353 822 frangit
371 755 400 806 et
418 751 530 805 urinam
542 754 687 820 provocat,
706 751 831 806 vesicam
845 752 881 805 ab
902 751 979 807 omni
996 750 1101 804 iniuria

83 837 196 903 purgat,
216 835 246 886 et
259 831 426 886 mulieribus
440 831 524 884 nimis
539 834 638 899 aptum
652 834 703 886 est.
720 831 868 903 [cubiculo
884 831 978 886 calido
993 834 1022 885 et
1037 846 1101 884 aere

84 916 244 982 temperato
262 912 357 966 iacere
376 911 514 966 debebit.
531 955 535 965 .
552 954 558 966 .
574 912 622 965 Pr.

85 1056 131 1110 Aa
144 1056 193 1121 ΙΙ,
212 1058 248 1108 34
268 1054 328 1123 (De
352 1052 551 1107 arthriticis
571 1054 682 1123 (=11²
704 1071 726 1108 c.
741 1057 779 1107 22
802 1055 1027 1122 cod.bp.130.·)
1054 1053 1100 1105 De
1115 1063 1134 1101 1(

85 1133 394 1202 condylomatibus
418 1133 648 1187 articulorum
672 1150 731 1188 seu
755 1131 871 1186 nervis
891 1132 1100 1187 dolentibus,

156 1229 259 1285 Nervis
277 1229 366 1299 igitur
384 1232 512 1299 potestas
531 1229 637 1300 frigida
657 1231 726 1285 data
745 1232 795 1299 est,
816 1232 845 1284 et
862 1229 927 1283 ideo
942 1228 1036 1282 nervis
1051 1229 1101 1282 ad-

86 1311 192 1366 iutoria
214 1309 322 1378 frigida
344 1309 522 1378 prohibenda
548 1313 621 1365 sunt.
654 1327 728 1364 nunc
753 1313 849 1364 autem
871 1310 909 1364 ad
933 1309 1101 1378 condyloma

86 1390 212 1446 remedia
235 1388 381 1444 ordinabo
410 1406 530 1459 acopum
552 1390 638 1445 valde
661 1394 775 1446 certum.
800 1391 942 1446 medullae
970 1390 1045 1445 cervi
1073 1393 1102 1445 ct

87 1471 144 1525 eins
174 1469 282 1538 adipis,
311 1467 421 1523 resinae
444 1469 548 1538 frixae,
575 1469 655 1540 picis,
684 1488 765 1526 cerae
790 1489 845 1525 ana
863 1486 899 1530 ÷
912 1471 952 1525 ΙΠ
970 1471 1001 1524 in
1020 1488 1101 1525 aereo
1117 1480 1134 1518 1²

86 1568 151 1605 vase
170 1550 250 1604 lento
268 1548 330 1618 igni
349 1550 488 1618 decoquas
508 1550 612 1617 diuque
632 1549 765 1620 agitabis,
785 1553 814 1605 ct
827 1550 995 1620 refrigerato
1014 1553 1101 1604 utere.

86 1648 151 1685 nam
170 1632 200 1684 et
219 1629 374 1698 serpyllum
392 1647 455 1683 cum
473 1629 540 1684 vino
559 1632 672 1684 austero
692 1633 801 1684 coctum
819 1630 972 1699 probatum
991 1632 1041 1683 est.

157 1709 183 1763 si
201 1709 402 1777 condylomata
420 1709 451 1762 in
469 1709 597 1763 cruribus
615 1709 734 1779 fuerint,
758 1710 914 1764 medullam
937 1709 1015 1762 canis
1039 1726 1103 1761 cum

88 1789 152 1843 vino
171 1792 241 1857 tere,
260 1789 366 1842 bonum
385 1792 436 1843 est.
466 1789 629 1858 argemonia
642 1790 713 1844 trita
727 1807 791 1843 cum
810 1789 943 1858 adipibus
962 1787 1100 1841 anserinis

87 1868 176 1922 mixta
194 1868 319 1937 prodest.
346 1867 465 1922 herbam
483 1869 657 1924 urceolarem
670 1870 701 1923 in
715 1869 773 1924 olla
791 1886 865 1923 nova
884 1885 986 1936 coques
1006 1871 1035 1921 ct
1049 1867 1100 1920 im·
1115 1876 1134 1915 2(

86 1947 190 2015 primes
209 1950 243 2001 ut
262 1948 451 2003 demadcscat.
475 1951 541 2017 post
555 1952 635 2004 aceto
650 1949 728 2019 trita,
747 1950 853 2003 bonum
871 1951 922 2002 est.
946 1947 1102 2001 brassicam

87 2030 114 2080 et
133 2027 261 2081 radicem
280 2044 343 2080 cum
363 2027 498 2097 stirpibus
518 2028 576 2082 suis
595 2031 735 2099 combure,
755 2033 784 2084 et
802 2029 872 2084 cinis
887 2031 981 2083 ceroto
996 2028 1101 2081 mixtus

86 2124 187 2162 nervos
205 2107 360 2161 fortissime
375 2107 541 2162 consolidat.
570 2109 647 2166 item.
668 2114 774 2165 stercus
789 2110 866 2179 capri
880 2110 964 2164 melle
982 2109 1102 2162 mixtum

86 2205 186 2242 nervos
206 2189 353 2256 expurgat.

159 2267 184 2320 si
212 2266 370 2320 contractio
403 2285 552 2323 nervorum
582 2268 708 2323 dolorem
740 2267 919 2334 excitaverit,
947 2266 1099 2322 lumbricos
1114 2273 1134 2313 2⁵

86 2349 234 2400 terrestres
253 2345 337 2399 melle
357 2347 492 2402 contritos
511 2347 633 2417 impone,
652 2348 780 2402 tremulis
799 2347 870 2402 utile
889 2350 939 2402 cst.

157 2425 295 2496 praecisis
314 2427 408 2481 nervis
427 2431 552 2482 terrenos
571 2445 680 2482 vermes
695 2429 856 2483 combustos
871 2446 934 2482 cum
952 2427 1036 2482 melle
1050 2427 1101 2481 im·

85 2524 167 2576 pone,
183 2508 290 2561 bonum
300 2509 351 2561 est.
372 2507 496 2576 axungia
505 2511 586 2562 vetus
597 2511 626 2562 ct
636 2508 791 2563 senecionis
798 2508 946 2582 <folia>et
955 2508 1103 2562 cacumina

86 2586 155 2640 buxi
174 2590 274 2642 tenera
293 2590 323 2642 et
340 2590 421 2641 rutae
441 2605 547 2657 cymae,
565 2589 672 2657 pariter
691 2589 813 2643 contrita
832 2592 861 2644 et
874 2588 1008 2659 imposita
1021 2605 1102 2658 prae·

86 2667 151 2721 cisis
171 2667 267 2722 nervis
287 2670 316 2720 ct
334 2667 444 2721 vexatis
464 2668 570 2737 optime
590 2668 767 2723 subveniunt.
1116 2674 1134 2711 ³(

158 2883 173 2930 1
194 2881 268 2947 (item
288 2882 314 2949 7)
334 2878 482 2932 cauculum
502 2881 524 2934 b.
642 2887 657 2933 2
677 2879 791 2948 quocies
810 2881 834 2934 b.
942 2884 959 2930 4
977 2840 1060 2931 bisai
1078 2880 1101 2932 b.

86 2953 183 3002 tunsas
204 2952 226 3005 b.
345 2958 360 3004 6
379 2949 458 3002 Artb'
480 2967 543 3003 cum
561 2950 646 3005 mirta
663 2951 734 3005 trita
753 2967 816 3003 cum
834 2948 926 3002 mulsa
945 2948 1034 3001 ciatos
1049 2948 1102 3000 1111

86 3019 180 3073 ieiuno
200 3025 247 3075 cat
266 3020 293 3074 b.
314 3023 338 3075 b.
430 3026 464 3073 10
483 3021 727 3076 condolomatibus
748 3023 799 3088 (sic
817 3022 930 3088 semper)
951 3020 974 3073 b.
999 3019 1032 3084 cf.
1055 3018 1100 3071 Ps.

86 3091 161 3145 Pan.
177 3092 243 3159 III,
267 3095 304 3146 15
325 3093 403 3160 Bas,
422 3094 455 3146 dc
477 3110 506 3147 re
526 3093 590 3148 Cels.
607 3097 636 3160 5,
659 3097 711 3159 28,
729 3096 793 3160 21).
807 3095 878 3158 206,
892 3093 930 3143 27
947 3089 1020 3142 Dar.

86 3166 118 3213 13
132 3161 177 3215 Na
188 3166 252 3232 (pro
262 3162 318 3232 Nc)
329 3165 352 3217 b.
409 3168 443 3215 14
453 3162 564 3234 corvine
576 3166 605 3216 et
615 3163 674 3217 eius
685 3162 783 3231 adipes
795 3162 817 3215 b.
869 3165 902 3213 17
917 3157 1062 3228 serpillum
1077 3159 1099 3211 b.

86 3237 118 3285 19
137 3233 294 3288 acrimonia
314 3236 337 3288 b.
394 3239 428 3286 20
447 3233 584 3288 orciolare
603 3237 626 3289 b.
688 3231 825 3301 imprimis
845 3233 868 3285 b.
924 3235 957 3283 22
982 3228 1057 3282 cenis
1077 3230 1100 3282 b.

85 3343 117 3392 23
137 3319 190 3409 capi
210 3344 234 3396 b.
309 3345 344 3392 26
365 3338 445 3392 dolor
464 3342 487 3395 b.
561 3344 594 3391 26
613 3336 719 3391 terreni
738 3355 763 3392 v.
784 3335 924 3390 combusti
943 3338 966 3391 b.
1023 3340 1056 3387 28
1075 3353 1101 3389 v.

84 3409 277 3538 pgfisepicioni.
298 3412 328 3464 ct
347 3411 363 3465 b
384 3413 444 3478 (abi
462 3409 532 3464 folia
551 3409 614 3465 odd.
633 3426 667 3463 erc
685 3408 781 3464 Diosc.
796 3425 826 3478 p.
842 3411 916 3476 591).
983 3411 1017 3458 30
1037 3406 1101 3459 sub·
