2392 3922
79 194 145 259 266
393 181 773 247 Peenno-rummiens

77 363 169 421 misso
194 357 346 419 saccellari
369 357 479 418 debent
501 358 609 419 triduo.
657 366 761 436 quarto
790 357 838 418 die
862 364 1002 417 ventosae
1027 378 1097 418 cum

78 447 266 509 scarilatione
281 445 465 507 adhibendae
485 453 564 527 3331,
584 448 738 526 suspensis
753 452 783 506 et
801 445 915 506 levibus
935 446 1096 507 admodum

77 535 225 617 plagellis‚
253 537 323 614 quia
352 537 378 594 si
405 541 503 595 vastae
537 535 650 595 luerint
677 533 793 614 plagae,
821 536 1005 595 contrarium
1028 538 1094 595 erit.

76 623 183 684 eodem
207 624 255 684 (113
280 626 459 684 cerotarium
483 626 618 704 impono,
646 630 734 702 atque
758 640 817 682 333
845 623 893 683 (113
921 625 1095 683 intermisso

49 714 191 773 3311333
215 710 423 790 331331333313
443 730 479 772 ex
498 712 586 772 melle
611 719 641 772 et
663 711 718 771 lini
741 713 864 771 seminis
882 711 992 790 polline
1017 712 1097 772 laeui

76 802 176 879 graeci
203 802 310 879 tritici,
343 800 482 860 admixtis
511 803 537 861 si
568 799 698 860 volueris
731 802 907 860 ammoniaci
940 799 1095 860 cocleariis

75 887 210 968 duobus,
243 887 321 966 quod
355 887 452 967 spleni
483 888 625 966 proderit.
673 891 722 948 cui
754 888 844 948 addes
876 886 1095 948 terebinthinae

75 975 171 1037 un‘c'l
204 976 342 1036 diurnam
375 984 405 1036 31
437 994 523 1035 cerae
551 975 628 1042 311.
672 976 750 1054 quod
789 976 910 1036 cottidie
943 985 1095 1036 recoctum

76 1065 195 1125 fervens
227 1066 268 1124 ita
300 1071 334 1124 ut
364 1082 424 1123 333
456 1063 598 1125 aduratur
629 1066 744 1142 imponi
777 1064 897 1124 debebit
930 1072 960 1124 31
991 1083 1096 1143 super-

37 1170 64 1209 ro
77 1153 197 1213 fasciari
223 1151 328 1212 diebus
357 1152 494 1230 plurimis
524 1153 716 1231 quoadusque
745 1152 830 1212 dolor
857 1153 981 1213 desinat.
1027 1163 1097 1232 post
1120 1162 1122 1167 '

76 1240 184 1301 deinde
214 1239 388 1317 malagmate
418 1241 465 1300 dia
488 1247 624 1300 tessaron
647 1243 761 1301 utimur
787 1240 901 1321 triduo,
938 1249 1027 1320 atque
1055 1245 1096 1302 ita

76 1329 124 1388 dia
147 1327 253 1406 chylon
276 1328 332 1387 alio
356 1329 469 1407 triduo,
493 1335 523 1387 et
546 1336 738 1406 posteaquam
767 1329 878 1389 videris
903 1348 1021 1389 omnem
1045 1330 1097 1389 do-

74 1415 169 1476 lorem
191 1434 332 1496 pausasse
357 1422 444 1494 atque
469 1415 505 1474 ad
531 1424 673 1476 consueta
697 1417 818 1476 easdem
843 1426 945 1495 partes
968 1434 1096 1478 consen-

75 1506 166 1584 sisse,
195 1505 322 1584 dropace
349 1502 528 1563 medicinali.
573 1503 621 1562 his
645 1503 710 1563 olco
734 1500 835 1564 'calido
864 1508 979 1565 utimur
1003 1506 1096 1567 semel

35 1609 61 1651 (3
75 1601 162 1671 atque
182 1594 292 1653 iterum
306 1590 422 1671 diurno,
442 1590 521 1669 quod
539 1590 638 1650 triduo
658 1589 812 1651 observari
829 1590 958 1653 debebit.
991 1603 1095 1672 postea

75 1683 237 1760 sinapismo
265 1699 301 1741 ex
328 1698 403 1758 pane
435 1678 532 1739 inluso
565 1679 596 1736 in
624 1684 708 1738 aceto
737 1679 783 1738 vel
811 1679 922 1757 polline
953 1682 1095 1763 admixta,

75 1768 239 1848 eodemque
259 1768 387 1829 secunda
410 1769 472 1826 viee
492 1767 556 1825 sine
574 1764 685 1845 polline
705 1768 775 1844 quia
794 1784 869 1844 opus
889 1769 928 1826 sit
948 1776 977 1826 et
1000 1769 1092 1830 altius

74 1865 241 1936 penetrare.
288 1864 367 1917 certe
392 1857 417 1915 si
440 1853 570 1914 volueris
593 1856 682 1914 tertia
705 1857 768 1914 vice
792 1857 846 1934 uti,
869 1856 925 1914 sico
949 1857 980 1914 in
1004 1866 1090 1915 aceto

75 1946 196 2007 decocta
218 1941 412 2026 permiscebis
437 1950 467 2003 et
489 1945 530 2003 ita
553 1950 650 2023 teres,
674 1950 704 2003 et
726 1945 821 2004 uteris
844 1945 885 2002 ita
909 1950 941 2002 ut
964 1942 999 2002 ab
1025 1961 1088 2001 om-

34 2053 59 2092 33
74 2034 163 2096 31133
187 2033 292 2094 (113133
314 2031 420 2092 balneo
443 2035 546 2093 313313.
583 2031 746 2110 posthaec
770 2034 868 2092 omnia
891 2039 1087 2110 sympasmate

73 2121 211 2182 omnibus
242 2119 347 2181 diebus
376 2119 505 2182 lavatum
539 2121 667 2181 eundem
698 2120 797 2182 locum
826 2139 932 2181 renum
959 2119 1090 2199 lricabis‚

73 2212 211 2288 quotiens
235 2217 335 2270 tamen
358 2228 418 2270 333
442 2209 532 2290 (13131,
556 2210 608 2269 sed
632 2217 662 2269 31
686 2228 773 2270 3333
798 2228 914 2289 corpus.

40 2295 62 2360 5
162 2305 192 2358 et
214 2304 283 2377 post
310 2297 383 2358 haec
411 2301 549 2377 potiones
577 2297 662 2358 dabis
691 2317 767 2377 quae
795 2299 942 2359 nefriticis
970 2298 1091 2357 1331331.

73 2405 148 2465 quae
167 2387 367 2447 conficiuntur
387 2389 438 2446 sic.
477 2388 590 2446 cassiae
608 2399 654 2448 ÷
668 2386 703 2467 11,
727 2386 798 2447 33113
817 2388 993 2448 ammoniaci
1010 2399 1055 2449 ÷
1072 2385 1093 2465 1,

144 2615 159 2662 1
189 2608 319 2664 333311331
342 2609 386 2663 rb.
466 2607 572 2662 debent
598 2607 694 2661 triduo
723 2626 750 2663 r:
779 2608 875 2662 triduo
906 2608 1049 2664 debebunt
1069 2611 1092 2663 b.

72 2684 90 2733 3
108 2678 233 2749 plagulis
253 2681 276 2734 b.
368 2676 417 2731 313
435 2697 464 2733 r:
484 2677 558 2731 Nem
577 2680 601 2733 b.
676 2677 711 2746 (si
729 2677 852 2748 v.)plege
871 2679 978 2734 1333131
997 2682 1020 2734 b.

73 2765 97 2804 3.
116 2752 167 2804 est.
187 2751 216 2803 31
234 2749 332 2829 eodem
373 2747 405 2803 'e.
424 2747 471 2803 vel
485 2765 541 2803 uno
557 2747 728 2802 intermisso.
748 2747 918 2801 3333133133
937 2751 1092 2820 interpone.

75 2825 150 2893 33111.
170 2844 197 2891 m
216 2839 336 2892 313333.
355 2838 394 2891 sic
413 2838 444 2903 b,
467 2839 514 2906 331
531 2838 583 2889 reli
621 2854 639 2890 a
653 2837 747 2890 omnia
761 2836 872 2903 omittit,
890 2839 986 2893 subdit
1004 2847 1094 2895 331333

74 2910 200 3035 {wlede
227 2905 470 3033 cotrpdplomepibus
499 2904 589 3027 331133
598 2921 699 3028 pmarulrpp⁵1
713 2921 777 3042 333)
794 2906 889 2959 nervis
922 2908 1093 3032 (3313331133.

111 2996 253 3035 313333
315 2993 462 3032 eamear.
727 2992 751 3028 33
796 2993 819 3029 3.
967 2996 984 3032 3
1025 2996 1091 3034 133.

75 2996 395 3129 3313331333.
469 3045 644 3125 (3331313.
703 3046 815 3098 recocta
833 3063 857 3098 3.
933 3054 965 3101 11
986 3049 1092 3103 (113133-

75 3138 157 3176 seron
174 3139 197 3177 3.
269 3125 302 3173 12
321 3117 447 3172 (11331133
465 3115 543 3170 eliud
561 3114 654 3168 triduo
673 3131 695 3167 3.
770 3119 803 3168 13
823 3121 972 3171 consuetas
992 3122 1093 3188 (31313.

75 3197 109 3244 14
128 3193 248 3261 dropace
266 3208 288 3245 r.
360 3188 405 3241 his
424 3191 433 3257 (
453 3189 482 3256 ')
500 3205 523 3240 3.
600 3183 786 3252 3133313333
804 3202 827 3239 3.
904 3193 936 3240 16
956 3190 1092 3244 3331313

74 3264 134 3332 (ei)
152 3280 174 3317 r.
248 3264 282 3314 17
300 3260 454 3326 eademque
471 3275 493 3311 3.
566 3253 645 3334 quia:
665 3270 768 3321 quaer.
843 3261 877 3308 19
892 3258 1009 3314 (1333313
1028 3278 1091 3330 333-

72 3331 175 3387 misces
196 3329 333 3388 ...teris
360 3348 382 3385 r.
482 3324 1092 3393 1033333333...13331.333(13...3

74 3404 119 3472 (cf.
141 3403 215 3458 0333.
229 3420 260 3472 p.
275 3406 301 3470 8,
314 3404 374 3469 20).
446 3394 640 3452 3333331133
659 3412 682 3449 3.
764 3396 992 3464 comportorem
1010 3403 1091 3457 13131

73 3476 159 3529 etiam
177 3476 193 3529 b
207 3491 236 3542 p.
251 3477 316 3542 129,
336 3478 353 3528 5
368 3476 474 3541 33313.
488 3470 552 3535 265,
570 3469 590 3520 2
608 3464 767 3533 (sancietur).
832 3471 868 3519 24
882 3466 980 3524 Cassio
994 3472 1088 3539 3113,

74 3544 204 3599 (1331311.
220 3554 255 3603 ÷
270 3545 292 3599 b.
366 3541 439 3595 seles
457 3536 645 3593 ammoniecos
663 3553 686 3590 3.
