2392 3922
465 181 734 235 incruentam.
766 250 768 254 Ι
855 162 859 169 ’
1040 180 1104 244 277

158 355 258 393 sucum
276 338 343 393 rubi
361 337 508 393 tenerrimi
525 337 556 394 iu
575 337 634 392 sole
652 337 778 407 positum
795 339 876 394 utin
893 337 987 394 mellis
1005 339 1105 393 crassi·
1123 378 1146 387 ,

86 418 218 474 tudinem
242 417 392 488 redigatur
417 417 499 487 potui
523 417 603 487 dato,
631 421 661 472 et
688 418 790 487 quibus
818 435 903 489 supra
929 417 1105 474 validissime

85 499 347 632 prodplsss.iterum
362 580 479 631 currat
493 576 634 647 sanguis
648 593 708 646 per
720 594 828 634 nares.
856 577 994 632 marrubii
1008 595 1105 633 sucum
1171 589 1173 592 ’

88 658 112 712 si
131 656 197 726 quis
214 656 334 712 naribus
357 657 483 725 sorbeat,
508 672 574 710 mox
594 658 774 726 prosequitur
792 658 907 729 sanguis
926 659 962 713 de
980 658 1103 745 naribus.
1132 674 1145 714 5

87 764 230 832 Ad1,15
247 766 307 832 (45)
328 763 368 817 de
386 762 494 817 labiis
513 763 737 832 crepantibus
751 766 826 834 (post
839 764 1068 820 imbecillitatem
1081 772 1106 821 et

327 848 392 898 ante
409 860 468 911 cap.
488 842 524 897 de
543 841 671 896 dentium
689 843 873 914 causatione).
914 907 917 912 ,

161 922 279 978 (tostum
298 924 328 976 et
345 921 431 976 bacas
450 921 524 1000 lauri
543 921 626 975 simul
650 922 813 978 commisces
832 926 862 978 ct
878 923 956 980 teris.
993 928 1023 981 et
1042 942 1106 980 cum
1118 922 1181 994 (XV

63 997 174 1057 'melle
193 1001 346 1056 commixto
364 1000 453 1056 uteris
471 1001 579 1056 utilius.
940 999 941 1002 ’

163 1080 239 1136 Oris
259 1081 400 1136 odorem
418 1097 534 1136 suavem
551 1083 581 1135 61
603 1081 703 1136 dentes
726 1082 814 1137 facies
837 1082 987 1152 candidos,
1010 1083 1104 1139 farina
1118 1098 1144 1138 ro

88 1161 190 1216 hordei
209 1160 269 1216 sale
289 1164 319 1216 et
340 1160 425 1215 melle
449 1160 607 1215 commixtis
626 1161 652 1215 si
674 1162 741 1218 inde
764 1163 876 1233 saepius
900 1163 999 1217 dentes
1021 1163 1105 1218 frica-

89 1241 172 1296 veris.
211 1241 296 1296 oris
324 1256 478 1294 umores
503 1239 622 1295 siccabis
647 1240 671 1294 si
693 1241 821 1311 pyrethri
842 1241 968 1296 radicem
990 1241 1053 1310 quis
1076 1242 1107 1296 iu

90 1321 149 1375 sole
173 1319 373 1388 submasticet‚
399 1323 550 1391 etaperto
578 1337 625 1375 ore
644 1322 750 1389 sedeat.
787 1321 878 1375 omnis
901 1338 982 1376 umor
1004 1320 1107 1391 capitis

91 1399 260 1456 detrahitur.
289 1399 380 1454 aciem
398 1399 544 1454 oculorum
561 1399 710 1455 clariorem
723 1398 802 1468 facit,
821 1399 872 1455 sed
886 1403 915 1455 et
929 1401 1028 1456 dentes
1042 1416 1108 1455 con-

90 1481 193 1550 firmat,
213 1479 318 1534 sieius
335 1480 482 1549 pulverem
500 1480 563 1548 quis
587 1480 710 1550 gingivis
730 1482 863 1550 apponat.
902 1480 971 1535 oris
989 1480 1107 1536 ulcera
1122 1494 1147 1536 rt

92 1563 184 1629 sanat,
204 1559 229 1614 si
248 1559 343 1624 oleum
360 1576 472 1614 roseum
491 1559 579 1614 facies
597 1559 628 1613 in
647 1576 694 1615 ore
712 1558 811 1615 teneri.
837 1563 868 1615 et
884 1559 1060 1631 plantaginis
1080 1563 1109 1615 et

90 1640 259 1709 portulacae
278 1639 324 1694 vel
342 1639 429 1695 intibi
447 1657 530 1694 sucus
549 1639 681 1695 similiter
699 1642 839 1710 operatur.

128 1746 216 1815 1111,
230 1750 268 1801 16
283 1749 345 1814 (48)
362 1745 410 1800 De
430 1746 584 1800 dentium
602 1745 807 1800 causatione
821 1749 896 1816 (post
913 1745 1071 1815 mitigabo).

166 1824 338 1880 cucurbitae
361 1824 471 1879 sativae
495 1825 629 1880 decoctae
653 1842 735 1879 sucus
758 1825 872 1896 tepidus
890 1825 921 1879 in
943 1841 991 1880 ore
1013 1826 1108 1880 tentus
1116 1825 1181 1898 (XV.

93 1904 221 1960 dentium
240 1903 366 1958 dolorem
383 1903 517 1974 prohibet
535 1908 565 1959 et
585 1904 777 1959 mobilitatem
800 1919 896 1959 eorum
914 1906 1029 1959 statuet.
1066 1904 1107 1958 la·
1121 1923 1148 1961 ao

91 1983 172 2053 pathi
196 1983 279 2037 radix
303 1983 518 2038 commasticata
541 1983 669 2038 dentium
696 1984 821 2039 dolorem
847 1983 940 2052 tollit,
968 1986 999 2038 et
1025 1999 1107 2036 sucus

92 2062 258 2132 portulacae
278 2063 419 2117 decoctae.
458 2063 483 2116 si
501 2063 589 2117 cruda
607 2065 783 2133 comedatur,
808 2065 901 2117 motos
925 2063 1024 2116 dentes
1043 2078 1107 2116 con-

92 2141 195 2210 firmat,
216 2141 322 2210 ligatos
342 2158 376 2195 ex
394 2159 570 2212 quocumque
590 2143 653 2197 cibo
672 2159 783 2197 umores
801 2143 892 2197 factos
912 2141 999 2196 solvit
1016 2144 1045 2195 et
1063 2144 1107 2195 tu-

90 2238 182 2276 mores
202 2222 383 2292 gingivarum
401 2221 486 2276 tollit.
517 2221 634 2277 alumen
647 2225 790 2277 umectum
808 2222 838 2275 in
855 2224 931 2276 tecta
951 2238 1034 2290 super
1048 2237 1108 2275 car·

90 2302 181 2356 bones
201 2301 323 2370 imponis
343 2304 372 2355 et
389 2301 453 2370 pari
475 2303 599 2371 pondere
617 2302 699 2371 piper
716 2301 831 2369 tritum,
850 2303 880 2355 et
896 2301 1011 2370 misces,
1031 2303 1060 2354 et
1078 2300 1108 2353 in
1122 2319 1147 2359 at

91 2382 207 2436 dentem
227 2381 277 2449 qui
296 2380 375 2435 dolet
393 2380 515 2451 imponis
540 2384 569 2436 et
591 2398 657 2435 mox
679 2382 762 2437 sedat
784 2381 917 2438 dolorem.
954 2382 1000 2436 lac
1019 2381 1109 2450 capri-

91 2461 137 2515 fici
157 2460 238 2515 denti
258 2477 327 2515 cavo
346 2461 512 2530 impositum
530 2461 607 2515 idem
620 2461 698 2517 facit.
725 2461 854 2531 pyrethri
867 2460 1025 2516 radiculam
1039 2476 1108 2515 cavo

91 2541 171 2594 denti
205 2539 306 2595 inicito
339 2543 368 2595 et
400 2558 484 2610 super
516 2541 551 2595 de
579 2557 643 2595 cera
671 2541 821 2611 cooperito.
859 2541 899 2596 sic
931 2541 1109 2597 chelidoniae

90 2619 199 2675 herbae
217 2619 271 2675 lac.

164 2699 261 2768 gallae
285 2702 314 2754 et
336 2699 425 2754 bacae
448 2698 522 2754 lauri
540 2699 661 2769 'pulvere
686 2700 801 2767 aequali
822 2701 947 2771 pondere
969 2701 1000 2754 in
1022 2717 1110 2753 unum
1123 2715 1149 2754 eo

90 2779 258 2848 commixto,
282 2796 346 2833 cum
365 2779 456 2849 digito
481 2779 594 2848 saepius
614 2780 712 2834 dentes
735 2779 845 2836 fricato.
884 2781 1010 2836 dolorem
1033 2777 1111 2832 tollit

92 2862 121 2912 ct
140 2875 252 2913 umores
273 2858 407 2913 desiccat.
1051 2863 1053 2866 ’

162 3059 177 3106 2
199 3053 269 3106 datu
288 3055 317 3107 et
335 3052 438 3120 quibus
457 3055 480 3108 1.
553 3052 710 3107 vallissime
729 3054 753 3107 b.
825 3057 842 3105 8
857 3051 980 3106 comixtr'r
994 3051 1024 3103 et
1036 3048 1107 3102 tritri

41 3182 48 3199 ,
91 3126 120 3177 et
135 3168 140 3177 .
158 3168 163 3178 .
180 3168 185 3178 .
203 3123 327 3178 comixtd
347 3125 415 3194 b(c).
525 3129 558 3178 10
578 3123 602 3177 si
615 3123 709 3177 farina
728 3121 807 3176 ordei
825 3123 868 3177 sal
887 3124 916 3176 61
929 3119 1013 3174 melle
1032 3135 1106 3172 com·

91 3194 179 3248 mixtu
200 3195 224 3247 si
243 3193 310 3247 inde
329 3196 345 3249 1
365 3196 439 3263 (item
456 3198 489 3264 6).
546 3200 579 3247 13
599 3196 628 3248 61
646 3211 672 3248 c:
692 3192 719 3247 ei
738 3195 762 3248 b.
825 3192 926 3247 humor
941 3194 1065 3259 (semper)
1081 3190 1106 3243 1.

93 3270 125 3317 14
145 3265 307 3320 1161111111.
363 3272 396 3319 11
411 3264 500 3319 facias
514 3282 536 3320 c.
593 3261 904 3331 19sectiveb.cf.(Pa
924 3261 1107 3327 Ρ116.1.25ιι

91 3335 171 3402 Bas.)
184 3337 277 3391 Marc.
287 3353 317 3404 p.
333 3339 396 3404 123,
409 3339 455 3391 22.
545 3339 580 3388 20
598 3332 721 3402 lappatii
740 3336 763 3388 1.
844 3338 877 3386 22
897 3331 983 3386 crada
1002 3332 1061 3400 (sic)
1081 3331 1106 3385 b.

93 3411 125 3458 23
144 3407 250 3476 ligatos
264 3409 305 3462 sic
322 3408 346 3461 1.
419 3422 529 3461 umores
541 3405 597 3472 (?):
617 3420 727 3458 amoros
746 3405 769 3458 b.
843 3408 877 3457 26
895 3401 991 3457 miscis
1010 3404 1034 3457 b.

93 3482 125 3530 28
135 3477 249 3533 iuieito:
263 3476 348 3531 mitto
358 3479 381 3531 1.
438 3483 471 3531 29
482 3475 600 3546 postlac
609 3477 718 3547 siparum
728 3476 903 3546 paraprapbi
915 3475 947 3529 ia
961 3475 984 3528 1.
1030 3477 1062 3526 31
1079 3472 1110 3526 61

92 3563 155 3600 cum
165 3548 191 3603 d.
203 3551 227 3603 t.
300 3552 333 3602 32
340 3554 404 3618 poet
413 3548 539 3602 desiccat
547 3553 699 3619 sequuntur
708 3547 869 3614 dentifricia
881 3546 1018 3603 Theodori
1027 3545 1052 3614 Ι,
1062 3546 1109 3598 49.
