2392 3922
309 182 548 237 uuromsuou
565 184 823 238 PAENOMENON.
1041 183 1081 247 71

65 347 240 413 indunbus
290 348 347 411 sed
375 347 547 410 euforbium
574 366 643 409 cum
675 367 750 429 aqua
782 351 867 428 prius
899 351 1025 410 terimus
1054 357 1084 410 et

65 437 267 521 superioribus
307 436 417 499 solutis
449 444 484 498 ut
515 439 608 498 moris
641 444 687 498 est
719 437 927 499 admiscemus.
978 456 1082 517 super-

65 526 189 589 addimus
211 528 338 589 interea
362 528 454 587 etiam
477 526 516 586 de
535 525 647 589 salibus
665 528 826 608 quippiam,
844 532 879 586 ut
897 545 930 586 os
949 527 1083 605 patulum

65 615 262 679 custodientes
281 616 401 675 umoris
424 616 510 675 noxii
527 615 743 693 digestionibus
767 633 971 694 procuremus.
1014 633 1083 675 nam

64 702 337 766 simelnnchlorus
360 705 510 764 trociscus
534 714 653 783 semper¹
674 704 722 765 his
740 703 920 765 utilissimus
939 704 995 764 fuit
1014 722 1083 764 cum
1110 714 1123 754 ⁵

65 802 137 855 noeto
159 795 256 853 tritus
282 798 316 853 et
337 791 453 871 liquido
478 794 625 853 cerotario
647 798 839 872 temperatus

141 888 216 943 sunt
245 883 342 942 etiam
372 879 428 941 alia
461 879 606 941 adiutoria
638 881 685 941 his
713 883 812 942 causis
845 883 998 960 aptissima
1027 880 1082 941 sub

133 972 250 1032 virtute
270 971 356 1031 varie
379 971 553 1051 composita,
576 969 629 1030 sed
651 972 755 1049 paucis
778 971 872 1048 magis
896 976 927 1030 et
949 969 1082 1048 probatis

66 1062 101 1121 ud
119 1077 177 1121 nos
201 1060 352 1119 convenit
374 1066 406 1119 et
428 1075 555 1137 quorum
577 1060 799 1136 perseverantia
817 1058 956 1119 effectum
979 1056 1082 1117 sacilli-

159 1148 282 1227 poterit
305 1163 477 1226 procurare.
1097 1156 1124 1195 1⁰

89 1340 174 1403 xm
214 1340 264 1401 De
289 1340 507 1402 vulneribus
530 1359 570 1402 ex
594 1360 630 1403 se
654 1348 782 1420 sponte
806 1340 1050 1402 nascentibus.

143 1446 283 1509 Vulnera
305 1449 389 1507 varia
416 1453 467 1508 aut
490 1466 526 1507 ex
552 1466 689 1509 umorum
718 1447 857 1508 acredine
881 1446 927 1506 vel
953 1439 1135 1526 plenitu-69

65 1534 127 1597 dine
140 1542 342 1615 generantur,
355 1542 407 1596 aut
420 1536 632 1614 praeeuntibus
646 1535 762 1596 levibus
776 1535 948 1596 uulneribus
962 1531 1083 1617 <quae>

65 1624 185 1686 dirersis
220 1623 337 1684 ictibus
366 1626 570 1703 acquiruntur.
617 1643 692 1703 quae
718 1626 870 1703 imperitia
897 1625 1083 1685 medicorum

65 1712 237 1793 induenter
270 1720 323 1773 aut
355 1712 571 1773 adiutoriorum
602 1715 716 1794 iuopia,
747 1719 905 1792 procurata
935 1720 1081 1773 vetustate
1096 1722 1123 1762 1⁵

65 1800 194 1863 ttironia
218 1801 307 1861 flunt

10 1996 12 2027 ³
127 2014 144 2061 e
165 2006 260 2060 eciam
278 2006 390 2061 Beata
410 2021 460 2060 mn.
480 2008 550 2074 ru).
669 2007 704 2060 aa
723 2006 831 2060 sancus
849 2006 947 2060 aaa„
972 1991 1048 2059 salii
1055 2006 1083 2058 Β

10 2126 12 2139 ,
64 2078 136 2139 :salis
156 2080 193 2147 t).
272 2079 519 2145 ut-procnremus
538 2094 587 2132 om.
608 2079 631 2132 b.
713 2077 843 2147 patulum
863 2077 935 2131 Get:
954 2075 1083 2144 putidum

64 2149 95 2203 B.
110 2148 299 2219 patefactum
316 2165 339 2201 r.
412 2153 430 2199 4
449 2147 638 2202 custodientes
652 2147 737 2218 (n-tis
756 2151 781 2218 r)
799 2167 815 2202 r
825 2149 897 2203 Get:
917 2162 969 2199 om.
990 2147 1046 2202 bB.

63 2219 186 2273 tumoris
212 2217 294 2272 noxii
322 2216 526 2288 digestionibus
554 2236 732 2289 procuremus
755 2221 815 2274 rB:
843 2218 973 2271 humores
1001 2234 1083 2273 nosse

62 2287 357 2416 ffiodrdsgodtdffinibm
374 2290 628 2417 piardffiusrddedel·
647 2288 992 2431 hebclddldnchlordfflvgdd
1001 2306 1084 2415 :comd-

62 2432 152 2501 poeite
174 2431 226 2486 rB
237 2431 311 2486 Get:
330 2429 474 2484 medentia
492 2431 541 2486 sed
558 2431 637 2487 varie
656 2431 812 2501 composita
826 2433 849 2487 b.
923 2436 938 2484 9
954 2433 1085 2487 convenit

61 2508 87 2557 et
103 2522 132 2572 q.
153 2522 183 2557 r:
206 2498 359 2555 conveniet
377 2518 403 2568 q.
423 2502 451 2554 B
461 2502 517 2557 uer.
628 2520 746 2571 quorum
766 2503 837 2557 uec:
857 2519 976 2570 quarum
993 2504 1041 2557 rB
1059 2511 1085 2560 et

61 2570 622 2700 fflffltiidtididtoedi
634 2577 674 2629 ⁸5⁶
690 2575 1082 2714 destituturus·

60 2732 118 2769 me
138 2734 155 2769 r
165 2715 241 2781 oei,
261 2714 498 2782 (poneremutiee
513 2759 518 2770 .
531 2759 536 2770 .
549 2719 565 2784 .)
579 2717 732 2784 potuerunt
748 2663 898 2784 drocurare
912 2717 952 2772 B:
976 2664 1085 2785 ddperti

61 2804 153 2840 snmus
174 2788 202 2841 b.
241 2790 397 2854 sepsnmtur
416 2785 508 2839 alicua
522 2787 648 2855 ptwrc'ma
665 2788 696 2840 iu
716 2787 739 2840 b.
814 2790 846 2838 11
865 2789 897 2840 iu
914 2788 957 2841 tit.
976 2794 1021 2841 etc.
1042 2786 1084 2840 ul·

60 2858 169 2912 ceribus
190 2861 277 2927 (corr.
297 2861 331 2910 ut
348 2855 415 2909 solet
432 2857 467 2923 of.
491 2873 554 2911 moa
567 2875 592 2912 u.
603 2860 646 2926 41)
684 2856 742 2911 uer.
762 2858 797 2924 cf.
815 2857 887 2911 Dar.
911 2859 948 2911 ad
969 2857 1033 2910 Oeta.
1052 2875 1083 2926 p.

59 2934 124 2997 ³12,
142 2932 193 2984 25.
223 2943 276 2998 epo
298 2942 358 2980 uon
379 2929 486 2983 mutavi
508 2929 575 2997 quio
595 2944 746 2997 numquam
767 2944 823 2983 coc.
846 2929 925 2982 ulcus
949 2934 1085 2993 comparet

59 3002 85 3053 in
103 3001 186 3056 codd.
210 2998 317 3053 mod.
331 3012 387 3065 pro
405 3012 434 3051 eo
453 3000 525 3067 qood
547 3004 585 3052 est
608 2996 738 3057 collectio
755 3000 797 3053 cel
816 3000 968 3067 apostema.
1005 2997 1085 3050 ulcus

58 3075 126 3126 enim
139 3086 281 3143 praecum
294 3072 343 3134 eo,
361 3067 462 3123 winus
480 3069 606 3123 tatinum.
679 3072 711 3122 in
728 3071 769 3123 tit.
790 3085 824 3123 ox
843 3084 872 3121 se
891 3067 990 3134 sponte
1010 3067 1083 3134 b(e):

57 3146 154 3213 sponte
173 3142 254 3208 Get,
274 3155 312 3193 ex
331 3152 362 3190 so
376 3138 404 3191 B
420 3138 471 3208 (De
484 3137 647 3192 vulneribus
666 3139 689 3192 8⁶
706 3156 737 3192 re
755 3139 841 3210 dubip
860 3135 994 3191 sanandis
1011 3139 1046 3204 r).

59 3221 87 3267 12
100 3214 186 3270 raris
203 3212 259 3268 rB
270 3210 349 3265 Get:
369 3224 404 3262 ex
422 3225 451 3263 se
471 3211 570 3279 sponte
586 3209 734 3263 nascentia
752 3210 794 3278 (ut
812 3212 842 3263 in
861 3207 913 3275 ut.)
928 3208 951 3261 b.
1052 3213 1083 3260 13

56 3284 161 3342 lenibus
181 3278 364 3340 vulneribus
381 3279 428 3333 vel
445 3281 481 3334 rb
492 3280 566 3335 aec:
585 3296 635 3334 om.
655 3281 683 3333 B
696 3282 735 3350 (Ι),
753 3297 804 3349 pro
822 3276 868 3333 vel
885 3278 984 3345 scripsi
1003 3294 1084 3345 quae.

57 3364 85 3410 15
95 3367 163 3430 post
180 3352 296 3425 inopia
314 3350 383 3404 add.
403 3352 418 3405 b
438 3352 488 3403 aut
506 3349 678 3419 inpacientia
696 3348 865 3431 languentis.
941 3349 1084 3403 vetustate

53 3431 164 3489 Met:
185 3425 320 3484 vetusta
336 3420 373 3474 B.
433 3425 465 3473 16
480 3420 614 3474 ohoronie
632 3423 656 3488 b,
674 3437 774 3489 proma
787 3422 830 3474 B:
849 3417 945 3471 cronia
963 3437 986 3485 r,
1006 3418 1084 3474 chro-

50 3502 88 3559 nio
102 3506 162 3563 θαι,
183 3499 257 3575 (sed
271 3494 313 3562 es.
333 3490 383 3546 Pe.
399 3491 462 3546 Gal.
482 3492 498 3545 l.
518 3493 556 3546 od
571 3492 615 3547 Gt.
630 3493 692 3558 III,
710 3496 755 3546 50.
785 3489 849 3545 Geta.
867 3494 892 3557 5,
906 3494 955 3558 28,
970 3497 995 3547 5.
1021 3491 1083 3547 Gal.

50 3574 126 3651 XIII,
139 3581 207 3636 676
229 3566 314 3635 etc.)-
