2392 3922
366 203 609 256 EUPORIS'I’ON
625 203 884 256 osuuolffluou.
1096 203 1139 267 25

98 384 166 446 quoe
186 385 226 427 ex
247 366 427 429 altitudine
448 367 563 448 aliquid
581 386 702 430 evocare
720 371 846 450 possint,
870 369 1037 431 adhibenda
1061 378 1138 430 sunt.

96 456 274 535 hequenter
304 459 431 517 etenim
460 475 498 518 ex
526 455 637 518 doloris
665 459 818 519 nimietate
845 456 945 519 febres
968 466 999 519 ct
1021 458 1137 537 vigiliae

94 551 276 624 procuratae
293 544 440 606 elimatis
454 545 569 606 viribus
583 548 659 607 vitae
672 548 839 626 periculum
853 545 1024 608 attuleruut.
1052 566 1137 625 pare·
1149 540 1192 606 23

92 635 202 712 gor-icis
227 651 314 695 vero
341 634 448 695 isdem
470 634 628 696 adiutoriis
652 637 695 696 sic
713 630 955 714 morigerandum
974 638 1031 695 erit
1048 645 1082 696 ut
1102 655 1138 696 ex

91 739 163 801 pone
191 722 327 784 mundo
357 723 465 784 infuso
492 730 522 784 et
545 742 613 784 cum
635 723 701 784 oleo
724 726 852 785 contrito
880 724 1136 803 cataplasmentur.
1164 741 1177 781 5

91 810 167 891 quod
201 812 419 891 frequentius
447 814 558 873 mutari
585 811 712 873 debebit.
759 811 897 873 similiter
925 815 1015 874 etiam
1043 820 1073 873 et
1101 814 1137 874 de

89 902 182 961 tritici
219 900 409 980 pollinibus
442 900 610 961 faciendum
642 909 696 961 est
742 904 787 962 sic
815 901 851 961 de
884 901 1002 982 hordei,
1034 921 1138 980 super-

89 988 201 1050 additis
234 996 356 1050 tamen
385 1007 547 1068 porcorum
572 989 717 1069 adipibus,
764 991 807 1051 sic
830 990 1025 1069 hyoscyamus
1048 993 1137 1051 tritus

88 1095 155 1139 cum
178 1077 312 1157 butyro
335 1095 428 1157 saepe
447 1078 569 1156 profuit.
611 1080 637 1138 si
659 1078 706 1138 his
730 1078 879 1158 adhibitis,
902 1097 977 1157 quae
1000 1081 1137 1157 mitigare

88 1175 311 1248 consuerunt,
346 1165 425 1227 locis
457 1168 612 1227 maturatis
645 1164 744 1228 sanies
775 1169 947 1246 apparuerit
973 1166 1179 1247 manifesta,1c

87 1255 168 1335 quod
205 1255 270 1316 ille
309 1257 357 1316 ait
389 1256 554 1336 „continuo
586 1254 703 1334 culpam
734 1256 814 1316 ferro
847 1249 1039 1334 compesce“,
1070 1262 1139 1333 post

87 1362 159 1405 tero
183 1345 357 1405 resecatis
382 1345 481 1404 causis
504 1342 676 1405 vulneribus
702 1343 829 1405 solemni
851 1344 1004 1423 diligentia
1027 1345 1137 1403 servie-

86 1450 166 1514 mus,
192 1433 260 1494 sed
287 1439 330 1493 ut
351 1438 454 1493 tamen
477 1432 572 1493 isdem
595 1435 676 1494 curis
699 1435 875 1494 evocatoriis
894 1431 1137 1493 extenuantibus-

87 1540 148 1601 que
174 1539 285 1601 quam
317 1523 450 1581 maxime
474 1523 564 1581 etiam
585 1540 665 1582 nunc
689 1521 853 1582 medicinae
876 1521 1029 1582 incumbat
1051 1522 1136 1581 indu-

87 1613 177 1692 stria,
204 1608 436 1689 frequentibus
460 1611 550 1670 etiam
572 1609 844 1691 sementationibus,
866 1617 901 1671 ut
923 1610 1033 1670 doloris
1057 1609 1137 1669 illius
1153 1628 1178 1668 15

85 1701 222 1779 penitus
252 1697 442 1776 inquietudo
466 1700 607 1775 quiescat.

185 1794 272 1848 sunt
300 1785 453 1847 adiutoria
475 1787 547 1848 haec
570 1789 746 1869 evocatoria,
770 1805 844 1866 quae
863 1795 931 1866 post
949 1786 1061 1848 doloris
1083 1789 1137 1846 im·
1148 1788 1193 1852 24

168 2019 186 2064 1
212 2025 350 2065 evocare
368 2010 407 2065 rb
418 2009 490 2066 aec:
510 2025 646 2064 evacuare
665 2011 688 2065 b.
776 2016 791 2064 2
811 2009 916 2065 etenim
934 2011 962 2064 Β
973 2009 1044 2064 Get:
1064 2009 1138 2061 enim

89 2084 137 2137 tr.
249 2088 267 2135 8
290 2079 421 2135 elimacis
440 2080 487 2135 ΥΒ
503 2081 560 2137 eet.
581 2083 625 2150 (ef.
646 2081 717 2136 Geel.
737 2081 808 2136 Acer.
827 2082 882 2137 chr.
902 2085 930 2147 2,
949 2082 1028 2148 217):
1049 2078 1138 2132 elimi-

87 2153 171 2208 natis
193 2155 214 2208 b
238 2155 280 2221 (et
301 2151 389 2221 Neu.)
511 2152 572 2221 ad(t
585 2151 740 2222 b)tulerunt
758 2152 877 2208 hatich:
897 2150 1049 2205 effecerunt
1066 2151 1101 2202 Β.

89 2232 106 2278 4
125 2225 235 2279 isdem
257 2224 328 2278 bB:
348 2221 461 2277 hisdem
478 2223 562 2278 rGet.
640 2221 681 2277 sic
699 2223 926 2294 morigerendum
945 2223 973 2276 Β
985 2221 1055 2276 eet:
1074 2220 1139 2274 imi-

89 2296 231 2350 nendum
254 2296 306 2349 br.
425 2295 459 2346 ut
477 2309 511 2347 ex
529 2294 557 2347 Β
569 2294 640 2350 Get:
659 2293 690 2346 id
708 2296 752 2348 est
769 2294 852 2364 panis
870 2294 990 2347 mundus
1010 2294 1046 2361 (b,
1064 2297 1138 2361 pane

90 2367 210 2420 mundis
234 2368 265 2434 r)
283 2409 290 2418 .
310 2364 576 2434 ..cataplasmatur
594 2366 636 2420 br.
738 2365 865 2419 binfuso
884 2365 995 2420 Met:
1014 2364 1045 2417 in
1064 2379 1139 2431 aqua

91 2438 214 2491 infusus
239 2438 331 2503 (-s1‘1
349 2436 374 2504 r)
393 2437 438 2491 br.
510 2437 539 2490 et
558 2452 621 2489 cum
640 2435 702 2490 oleo
721 2437 844 2492 hatich:
863 2454 913 2492 om.
933 2437 969 2491 B.
1043 2443 1059 2489 6
1079 2452 1138 2487 mu-

91 2509 151 2562 tari
165 2509 229 2562 Bb
251 2503 379 2575 (imitari
392 2510 431 2575 r):
449 2505 594 2561 immutari
609 2507 667 2563 eet.
741 2506 857 2562 debebit
870 2509 918 2563 br:
938 2507 1023 2560 debet
1036 2507 1064 2560 Β
1079 2507 1137 2561 Get.

92 2580 188 2634 etiam
210 2579 248 2632 et
269 2577 349 2632 Get:
369 2575 456 2630 etism
473 2577 510 2645 Β,
528 2579 558 2632 et
576 2580 601 2645 b,
620 2594 671 2633 om.
689 2595 712 2633 r.
836 2577 968 2632 'thordei
985 2578 1042 2644 rB,
1061 2575 1139 2630 ordei

93 2652 172 2706 Gen
195 2648 299 2704 ordeo
320 2649 345 2701 b.
454 2647 644 2716 superadditis
662 2651 759 2702 tamen
777 2649 805 2702 Β
816 2649 888 2704 Get:
908 2647 1013 2702 additis
1033 2650 1057 2715 b,
1075 2647 1139 2700 tad-

92 2721 158 2776 deis
178 2739 207 2777 r.
382 2721 399 2770 8
417 2717 618 2786 hyoscyamum
635 2718 736 2774 tritum
756 2719 814 2775 Get.
834 2718 1004 2788 (iusquiamc'r
1024 2718 1093 2771 tritri
1114 2720 1138 2784 b,

94 2797 229 2861 ocpnmr‘r
249 2788 329 2844 tritri
348 2790 387 2857 r):
406 2789 480 2843 ostia
497 2791 610 2843 mutatis
628 2790 664 2844 Β.
801 2795 816 2842 9
836 2807 920 2860 saepe
938 2789 1046 2859 profuit
1066 2787 1138 2842 Get:

94 2881 147 2919 ose
168 2864 203 2918 B
226 2858 367 2930 (prodest
384 2861 474 2930 simpl.
493 2862 548 2930 br).
644 2866 678 2914 10
696 2860 767 2915 locis
785 2860 934 2915 maturatis
953 2862 981 2915 Β
993 2861 1064 2915 Get:
1083 2857 1139 2911 loci

93 2932 283 2989 mcuricace
306 2931 335 2999 t,
364 2930 434 2984 locis
461 2930 626 2985 maturitate
644 2948 667 2986 r.
795 2937 826 2983 11
857 2932 933 3000 quod
960 2931 1009 2984 ille
1038 2928 1079 2981 ait
1097 2929 1139 2993 (in

95 3023 188 3078 story.
211 3003 298 3059 Neu.
313 3001 456 3071 Vergilius
474 3004 532 3057 scit.
550 3019 638 3083 peorp.
653 3003 718 3068 ΙΙΙ,
733 3004 798 3071 468)
817 3002 845 3055 Β
860 3004 932 3058 Get:
956 3018 1015 3079 om..
1026 3001 1062 3051 br
1081 2998 1139 3062 (obi

95 3094 162 3133 m
183 3074 305 3144 culpis).
388 3074 654 3128 121esecat1st:
674 3073 805 3127 reseratis
827 3072 883 3128 eet.
904 3071 1031 3140 (servotrs
1050 3070 1083 3147 p).

96 3156 130 3203 13
150 3147 211 3202 sed
232 3147 270 3199 ut
291 3146 392 3198 tamen
413 3144 485 3200 θεῖα
504 3143 554 3198 ssd
572 3145 669 3197 temen
686 3145 729 3212 Β,
746 3160 796 3198 seu
815 3145 851 3198 br
869 3141 896 3211 (ἢ
915 3144 974 3212 pc).
1047 3136 1138 3189 1sdem

98 3220 138 3274 B:
159 3217 292 3273 hisdem
311 3214 420 3270 trGel.
517 3213 675 3268 evocaturis
693 3216 742 3269 Bc
758 3217 777 3269 i.
798 3232 818 3269 e.
839 3209 1006 3267 evocatoriis
1026 3210 1053 3261 b:
1073 3222 1137 3259 evo-

98 3294 180 3344 catas
193 3278 263 3345 eet.
326 3284 602 3353 extenuantibusque
622 3285 716 3357 b(que
734 3289 768 3354 r),
788 3287 817 3338 et
835 3286 889 3337 ext.
900 3282 936 3348 Β,
956 3281 1011 3333 ext.
1023 3281 1083 3346 (om.
1099 3278 1136 3345 et)

101 3361 159 3417 eet.
279 3361 316 3410 14
336 3372 424 3425 quam
442 3355 564 3410 maxime
584 3355 702 3411 basiet:
721 3355 797 3423 quod
815 3352 936 3406 maxime
955 3350 991 3405 Β,
1064 3363 1137 3403 nune

100 3433 134 3487 br
145 3432 228 3488 Get:
250 3430 327 3483 cunc
346 3427 384 3483 B.
458 3426 576 3481 incubat
593 3426 629 3480 Β.
704 3432 737 3479 15
756 3421 1022 3479 sementationibus
1032 3423 1091 3490 (sic)
1101 3420 1136 3473 Β.

101 3510 131 3559 17
151 3504 173 3559 h
194 3497 379 3558 evocaturia
398 3499 430 3554 b:
454 3496 615 3552 evocatoria
632 3496 704 3551 haec
724 3497 792 3563 eei,
816 3492 960 3548 vocatoria
980 3494 998 3546 h
1017 3512 1044 3561 r,
1068 3493 1138 3545 haec

101 3592 158 3632 rom.
179 3574 281 3643 evoe.)
301 3571 342 3630 Β.
