2392 3922
90 184 157 248 434
495 185 699 238 VINDIOIANI

91 345 203 398 dicente
231 342 361 396 humores
384 341 434 410 qui
459 341 542 396 nobis
567 342 615 395 inl

91 413 179 469 oculis
198 412 292 467 visum
309 412 404 467 reddit
419 411 538 467 dirersis
553 429 599 468 oo·

89 483 198 539 loribus
218 482 374 538 variantur.

104 841 165 908 “(6)
190 838 266 906 quod
294 840 359 892 sunt
386 852 456 891 vene
485 836 517 889 in
539 854 599 906 gu-

90 913 165 964 torc
183 908 305 963 maiores
328 908 404 976 quod
427 906 599 976 sanguineas

90 983 210 1036 vocatur
232 982 375 1048 quattuor.
403 978 458 1032 duo
482 977 532 1046 qui
556 994 599 1032 or-

91 1050 160 1122 gani
172 1050 317 1105 'dicuntur
339 1053 368 1105 et
388 1047 599 1102 deavisceribus

92 1121 238 1177 venientes

128 1266 165 1333 (7)
180 1261 328 1332 subposita
343 1260 431 1316 oculis
446 1277 517 1329 quas
530 1277 600 1314 ma·
662 1262 700 1330 (7)
723 1257 826 1327 quibus
855 1257 946 1313 oculis
969 1260 1110 1329 subposiii

92 1334 188 1388 culas
211 1349 353 1387 vocamus.
382 1331 485 1400 quibus
510 1331 600 1386 coerit
627 1333 693 1385 sunt
712 1346 776 1385 ossa
795 1346 850 1402 que
869 1329 945 1384 mole
963 1334 1108 1386 vocantur.

91 1404 172 1472 plata
189 1406 286 1457 noster
304 1405 357 1472 (n‘r)
371 1403 403 1455 id
421 1404 465 1456 est
484 1405 513 1457 et
532 1403 599 1456 den·
627 1401 761 1456 coherent
775 1403 871 1455 autem
885 1400 1028 1456 dentibus.
1045 1403 1109 1456 den·

91 1474 171 1527 tium.
196 1473 246 1526 red
266 1476 295 1526 ei
319 1475 417 1528 dentes
443 1474 540 1526 autem
558 1473 599 1527 eis
626 1474 670 1526 tes
702 1488 770 1526 vero
801 1471 856 1525 viri
889 1475 956 1527 sunt
989 1473 1109 1542 triginta

90 1543 228 1596 habemus
242 1543 320 1596 XXX
339 1544 368 1596 ei
385 1543 420 1595 Π.
445 1545 474 1597 et
493 1542 599 1597 femina
628 1543 692 1598 duo.
711 1541 838 1597 mulieris
858 1545 955 1597 autem
975 1544 1108 1613 treginta.

90 1630 157 1668 vero
186 1613 285 1667 denies
308 1613 394 1667 XXX.
432 1613 467 1666 de
495 1612 599 1682 quibus
627 1612 829 1683 apollonius
859 1615 955 1668 autem
982 1614 1109 1669 medicus

92 1683 293 1754 apollonius
307 1702 427 1754 magnus
442 1683 483 1738 sic
498 1683 540 1738 ait
550 1701 599 1754 ge·
627 1684 689 1766 ait..
701 1683 809 1754 gemini
833 1684 931 1738 dentes
955 1703 1046 1767 usque
1073 1687 1109 1739 ad

92 1754 184 1828 <mini
203 1758 234 1810 ia
247 1756 324 1829 raa.)
340 1757 439 1810 dentes
458 1772 491 1808 us
510 1772 599 1823 usque
627 1772 743 1810 caninos
773 1754 901 1824 singulas
924 1754 1036 1810 radices
1060 1757 1109 1810 ha-

92 1828 130 1881 ad
152 1825 278 1881 caninus.
310 1826 437 1897 singulas
460 1826 599 1881 habentes
627 1826 703 1881 beni.
728 1825 780 1880 alii
806 1842 872 1880 vero
891 1825 1042 1882 interiores
1061 1827 1109 1896 qui

92 1897 210 1953 radices,
230 1897 281 1952 alii
299 1915 366 1953 vero
386 1897 533 1952 inferiores
550 1897 599 1966 qui
626 1897 748 1951 molares
762 1896 895 1951 dicuntur
907 1897 1018 1952 habena
1027 1899 1108 1953 binas

92 1969 213 2024 molares
238 1969 370 2024 dicuntur
387 1969 497 2024 habent
516 1967 599 2023 binas
628 1968 671 2022 ad
692 1970 789 2023 ternas
817 1967 936 2023 radices.
966 1969 1018 2024 alii
1043 1987 1109 2024 vero

92 2043 122 2093 et
140 2043 236 2095 ternas
255 2040 373 2097 radices.
627 2041 780 2107 quaternas
795 2054 846 2108 per
866 2038 995 2094 ordinem
1012 2041 1108 2110 positi.

125 3183 163 3251 (8)
178 3198 244 3235 nam
257 3182 414 3251 palaiuma
425 3184 598 3266 quibusdam
660 3186 697 3253 (8)
715 3201 782 3238 nam
805 3183 935 3253 palatum
954 3204 971 3240 a
990 3191 1111 3257 quihus·

90 3251 195 3305 dicitur
214 3253 358 3308 oraniscus
370 3255 416 3311 vel
430 3273 493 3310 rroa
512 3273 597 3326 supra
625 3254 691 3308 dam
700 3254 847 3309 uraniscus
856 3255 1024 3325 appellatur.
1041 3262 1110 3317 huic

88 3321 159 3376 iacit
177 3322 299 3394 lingua
317 3327 396 3380 cuius
420 3325 531 3381 radices
552 3344 597 3382 co·
624 3323 752 3379 subiacet
778 3324 885 3395 lingua.
918 3326 997 3379 cuius
1024 3333 1110 3386 radix

87 3386 203 3461 periurii
228 3397 357 3452 canalem
382 3396 542 3468 spiritalem
567 3399 597 3452 ei
623 3394 793 3464 ridiaglossa
830 3395 940 3452 dicitur.
978 3401 1111 3464 sequitur

90 3462 424 3538 [i]stomaoumpataorus
435 3468 535 3524 simile.
546 3468 596 3536 qui
624 3467 718 3520 autom
743 3466 853 3521 canalis
881 3463 1026 3538 spiritalis.
1057 3473 1109 3538 qui

301 3558 381 3628 aa)
814 3557 915 3627 rra)
