2392 3922
128 157 193 224 338
461 157 807 212 secono-maonosr

127 318 203 389 pessi
222 316 426 371 subiectionem
444 316 490 370 vel
508 315 634 385 potionis
651 332 709 369 non
727 315 857 385 senserit,
877 315 1003 369 secundo
1019 317 1051 370 et
1063 315 1147 370 tertio

127 398 285 466 repetatur,
310 395 378 464 quia
400 395 508 450 multae
532 395 665 450 mulieres
688 395 762 450 sicco
786 411 903 465 corpore
926 395 1059 450 duriores
1084 399 1147 450 sunt

127 479 157 530 et
175 475 284 530 multae
307 475 469 530 teneriores.
498 476 573 530 unde
596 475 692 531 evenit
718 479 751 531 ut
782 475 925 531 medicina
953 477 1091 532 adhibita
1108 477 1146 530 in-

127 557 205 609 certa
228 571 290 610 esse
308 556 447 610 videatur.
475 555 567 625 primo
590 554 679 624 igitur
700 555 864 610 chalasticis
883 555 1021 626 pessariis
1045 557 1144 626 quibus

100 634 274 690 oArsinoe
293 638 323 690 et
342 635 486 690 Salvina
511 635 673 690 utebantur.
703 635 821 690 ellebori
838 635 914 706 nigri
932 637 1017 706 tm,
1036 653 1144 692 murrae

128 713 228 783 ann,
255 717 428 770 sandaracae
446 726 482 776 ÷
496 715 541 769 18.
570 715 732 785 lupinorum
754 714 864 771 farinae
882 717 935 774 tl
959 715 991 770 in
1013 716 1083 771 vino
1106 716 1143 770 in·

127 793 214 848 funde
234 798 264 849 et
283 812 346 849 cum
365 795 512 865 speciebus
532 794 731 864 suprascriptis
744 795 831 850 misce
846 797 876 849 et
891 795 992 866 digitis
1012 799 1142 864 quattuor

127 872 277 942 collyrium
294 875 390 945 facito,
411 879 440 930 et
453 875 484 928 in
498 875 598 928 umbra
617 873 692 928 sicca
706 875 825 943 usuique
840 892 930 945 serva,
950 879 981 931 et
997 893 1064 930 cum
1078 894 1141 946 opus

126 953 225 1023 fuerit,
245 954 390 1010 mulieriI
413 954 542 1009 subicies.
571 953 648 1010 item.
677 953 796 1009 ellebori
817 953 894 1024 nigri
911 954 1000 1024 tvl,
1029 954 1141 1025 galbani

87 1051 114 1088 ro
128 1032 192 1102 tV,
211 1053 322 1090 murrae
337 1034 413 1104 LVI,
431 1037 464 1089 ut
483 1051 576 1104 supra.
602 1033 672 1089 item
685 1050 784 1103 pessus
799 1033 848 1102 qui
862 1034 1019 1089 anabrosin
1034 1035 1140 1090 dicitur.

128 1129 267 1184 cerussae,
286 1132 336 1186 ges
351 1115 465 1183 samiae,
484 1114 700 1183 molybdaenae,
716 1113 772 1168 olei
785 1114 899 1184 veteris,
918 1114 1075 1186 lithargyri
1093 1132 1141 1170 ana

127 1206 164 1250 -ῖ-
178 1194 223 1251 VI.
254 1196 348 1251 omnia
372 1193 542 1264 singillatim
563 1195 666 1248 tundes
690 1197 719 1249 et
747 1193 907 1249 commixtis
934 1193 1028 1249 ursini
1053 1194 1140 1265 adipis

126 1286 163 1335 ÷
176 1278 215 1332 VI
240 1278 335 1332 addes.
361 1274 453 1343 adipis
485 1273 590 1343 pullini
606 1286 643 1333 ÷
656 1273 704 1343 VI,
728 1273 853 1328 anserini
870 1286 907 1334 ÷
920 1273 955 1343 V,
985 1275 1043 1330 olei
1066 1274 1140 1343 rosei,

130 1376 211 1416 cerae
230 1373 285 1411 ana
300 1368 335 1413 ÷
348 1354 394 1408 VI.
415 1352 511 1408 omnia
525 1353 563 1407 ad
576 1352 673 1422 ignem
686 1354 811 1409 resoluta
830 1371 893 1408 cum
913 1354 1064 1424 speciebus
1082 1355 1140 1409 mis-

89 1454 115 1493 15
130 1438 207 1495 cebis
227 1438 256 1489 et
275 1434 324 1487 diu
338 1435 412 1487 teres
431 1435 461 1486 et
479 1432 510 1486 in
527 1433 644 1487 modum
661 1433 738 1502 pessi
757 1433 887 1489 subicies.

198 1516 280 1568 rutae
300 1529 397 1565 sucum
416 1529 480 1565 oum
498 1511 582 1566 melle
601 1512 723 1567 mixtum
745 1516 912 1583 conceptum
930 1517 1065 1569 excutere
1083 1531 1141 1570 con·

127 1598 194 1652 stat.
224 1595 305 1646 rutae
324 1590 424 1645 viridis
444 1591 608 1646 commisces
627 1592 760 1663 radicem,
779 1593 857 1648 idem
874 1593 953 1649 facit.
983 1592 1141 1648 artemisiae

129 1692 212 1731 sucus
236 1676 265 1727 et
288 1671 371 1740 folia,
399 1673 509 1725 murtae
534 1671 635 1726 viridis
658 1690 741 1727 sucus
765 1690 857 1742 aequa
878 1689 1013 1728 mensura
1031 1673 1063 1726 in
1081 1673 1142 1727 lana

129 1755 272 1812 subiectus
298 1754 327 1806 et
350 1753 518 1820 conceptum
546 1751 664 1807 discutit
690 1755 890 1821 menstruaque
919 1752 1044 1808 deducit.
1074 1754 1142 1807 arte·

86 1851 113 1890 20
127 1836 211 1892 misia
234 1831 333 1888 viridis
357 1848 421 1884 cum
438 1831 513 1888 nitro
538 1834 567 1886 et
589 1832 669 1886 bacis
692 1832 766 1887 lauri
789 1836 819 1887 et
841 1836 936 1888 murta
954 1833 1043 1888 viridi
1062 1835 1142 1887 tunsa

127 1936 191 1972 cum
215 1930 291 1982 aqua
317 1911 394 1982 pessi
420 1928 497 1966 more
525 1911 638 1981 ingesta
661 1915 828 1981 conceptum
851 1911 967 1967 excutit.
1000 1910 1143 1982 tithymali

127 1995 211 2052 lactis
231 1993 305 2062 scrip
319 1992 372 2047 IIII
395 1993 424 2046 et
446 1991 522 2046 fellis
546 1990 648 2045 bubuli
663 1993 667 2061 Ι
685 1993 723 2061 (p.
737 1995 802 2058 138)
823 1990 897 2060 scrip
911 1990 964 2045 VII
982 1990 1070 2045 simul
1087 1995 1143 2046 tere

129 2080 158 2132 et
172 2076 261 2129 linteo
273 2071 357 2142 digiti
370 2089 503 2126 mensura
517 2070 652 2125 umbilico
666 2069 787 2140 impone.
807 2069 970 2125 artemisiae
985 2088 1070 2126 sucus
1085 2089 1143 2126 cum

129 2159 240 2210 murtae
259 2157 374 2208 tenerae
392 2151 469 2206 foliis
488 2151 627 2206 viridibus
641 2150 672 2203 in
685 2150 753 2205 lana
767 2149 910 2204 subiectus
930 2152 959 2204 et
978 2154 1144 2220 conceptum

87 2249 113 2288 aa
129 2239 158 2290 et
176 2237 320 2288 menstrua
339 2231 461 2287 deducit.
482 2229 688 2302 [oesypoceroti
706 2230 775 2283 nitn‘
793 2230 898 2299 cymini
917 2247 973 2285 ana
990 2232 1143 2300 ÷1,fi0us

126 2314 241 2385 pinguis
260 2326 296 2373 ÷
314 2313 340 2366 H
368 2329 432 2366 cum
459 2312 534 2366 lacte
562 2310 706 2380 mulieris,
734 2309 829 2364 omnia
855 2309 925 2363 trita
953 2312 982 2363 et
1010 2310 1040 2363 in
1063 2325 1143 2380 pesso

127 2394 263 2447 subiecta.
289 2392 362 2446 item
376 2392 445 2445 ficus
464 2391 578 2461 pinguis
596 2405 633 2449 ÷
646 2392 684 2458 H,
708 2389 777 2444 nitri
795 2390 820 2459 I,
840 2392 884 2444 est
906 2389 1086 2458 suppositum
1103 2390 1144 2443 in-

126 2472 249 2545 noxium.
278 2487 398 2538 murrae,
418 2469 537 2524 ellebori
556 2469 644 2540 nigri,
667 2469 743 2525 fellis
762 2469 878 2539 taurini,
901 2469 1082 2539 suppositum
1100 2488 1144 2525 ex-

127 2551 282 2604 clusorium
299 2549 457 2604 violentum
470 2552 521 2604 est.
550 2549 620 2604 item
634 2567 745 2605 murrae
759 2551 830 2621 ÷1,
849 2550 917 2604 ficus
935 2550 1051 2620 pinguis
1061 2564 1098 2611 ÷
1111 2551 1144 2620 H,

198 2713 212 2760 1
234 2673 363 2763 subtine.
382 2710 392 2762 l
411 2715 482 2777 pois.
502 2711 518 2764 b
537 2711 582 2779 (of.
602 2711 681 2779 iufra
699 2708 805 2780 sulita).
930 2709 1143 2765 scholasticis:

127 2792 211 2852 calci³
231 2799 254 2852 b.
342 2800 444 2865 Maec.
463 2805 495 2853 ut
513 2801 635 2869 saeptas)
655 2802 679 2856 b.
766 2805 782 2854 ὅ
802 2800 927 2856 arsenios
942 2802 965 2869 b,
986 2799 1145 2854 arsenoisc

125 2873 172 2934 (cc.
192 2869 248 2925 cod.
270 2867 342 2924 Oltis.
362 2869 400 2922 cd
417 2870 490 2924 husae
509 2873 596 2926 locccm
613 2872 751 2942 inspectos
768 2873 899 2940 fi171a).
978 2869 1092 2924 salbina
1110 2872 1145 2925 bc

127 2939 238 3008 (sabina
257 2958 276 2994 a
293 2941 325 2994 iu
339 2941 397 3008 prf.
412 2941 477 3008 III,
493 2943 529 3011 1).
587 2947 643 2995 ls‘s
657 2945 680 2997 b.
736 2939 884 2994 9mulicri
900 2958 925 2994 .1.
942 2943 965 2996 b.
1022 2946 1056 2994 10
1076 2957 1144 2994 ana-

126 3010 224 3065 brosin
244 3013 306 3080 (sio)
327 3013 342 3065 b
361 3011 551 3081 (ambrosial).
600 3017 632 3065 11
653 3012 763 3084 Ceruse.
785 3009 925 3082 Gosamie.
946 3011 1105 3066 Molibdine
1119 3014 1142 3066 b.

128 3088 161 3135 12
181 3081 305 3136 comixta
323 3080 433 3136 ursinos
453 3082 552 3152 adipes
567 3084 591 3138 b.
684 3087 716 3134 13
736 3080 834 3148 adipes
854 3082 877 3135 b.
969 3081 1033 3136 Olei
1047 3083 1080 3136 R.
1098 3085 1102 3152 Ι
1119 3084 1142 3138 b.

126 3158 161 3207 14
174 3153 275 3206 misces
290 3155 313 3208 b.
388 3159 421 3208 16
441 3152 708 3208 sucus...mixtus
728 3154 750 3207 b.
816 3155 849 3204 17
868 3155 903 3204 cir
922 3151 1018 3205 miscis
1037 3152 1097 3207 rad'
1119 3155 1142 3208 b.

111 3251 117 3262 ·
211 3221 276 3277 artli
294 3226 316 3279 b.
409 3229 442 3277 18
461 3224 564 3293 mirthe
584 3225 607 3279 b.
698 3238 789 3290 acqua
807 3237 950 3277 mensura:
971 3240 1026 3276 ana
1046 3226 1069 3278 b.

125 3298 160 3347 20
178 3294 265 3347 bacas
284 3296 307 3349 b.
399 3301 432 3349 21
451 3293 581 3348 titimalli
599 3295 622 3349 b.
696 3298 729 3346 22
748 3295 821 3346 tere:
840 3292 911 3346 trita
925 3295 948 3348 b.
1022 3299 1056 3346 23
1071 3296 1144 3349 idem

121 3366 209 3430 paolo
223 3370 287 3419 acte
297 3366 419 3433 positam
436 3373 475 3420 cst
493 3367 647 3421 remedium.
720 3369 755 3416 25
772 3361 855 3431 ysopi
875 3363 963 3417 ceroti
982 3366 1004 3419 b.
1024 3365 1090 3419 hoec
1109 3383 1143 3420 ex

124 3433 173 3486 Pr.
192 3451 212 3487 s.
227 3437 273 3554 526.
329 3439 471 3496 ana÷b.
510 3441 544 3489 27
559 3436 641 3490 subta
656 3436 679 3490 b.
731 3439 764 3488 27
784 3439 799 3486 e
819 3433 1096 3502 supositu÷noxiir
1117 3439 1140 3491 b.

125 3507 368 3561 28excusor1'1b.
