2392 3922
243 167 522 221 srrrmorsmnu
540 168 647 221 senx.
667 168 871 222 snonunuu.
999 167 1064 232 395

55 335 59 392 i
139 331 189 392 Ad
212 332 394 394 caleulum.
423 333 587 394 brassicam
615 336 725 394 siccam
751 341 782 395 et
807 335 921 412 piperis
948 335 1064 412 pondus

55 420 180 501 iupium.
203 423 341 501 utrisque
365 421 502 482 cribratis
526 428 555 482 et
579 421 667 484 simui
689 424 791 483 mixtis
813 424 907 483 mittis
931 423 1063 484 cocleare

55 510 179 592 ¹lienum,
201 518 233 571 et
255 510 309 571 das
331 513 363 570 in
385 513 504 589 potione
528 513 648 572 caroeni
671 511 804 572 cocleare
826 513 947 590 pariter.

55 601 60 657 i
135 599 186 660 Ad
223 598 383 660 calculos
424 598 663 679 expellendos
704 602 811 660 etiam
851 600 1062 661 iniantibus.

55 707 144 749 nutem
162 687 310 750 caleulum
328 690 493 770 porcinum,
517 691 640 750 seminis
658 688 797 750 cauliculi
819 687 879 751 une
891 689 930 768 11,
949 691 1062 768 piperis
1091 706 1104 746 c

55 777 232 839 ÷1l.nae0
255 779 414 856 separatim
437 778 616 860 tunduntur,
644 784 674 838 et
700 786 892 857 posteaquam
915 781 947 838 in
970 797 1062 839 unum

55 866 234 947 redigantur,
258 873 413 927 servantur
436 869 468 928 in
491 866 569 927 doiio
592 870 695 928 vitreo.
726 885 795 927 cum
817 886 939 928 necesse
963 867 1062 948 fuerit,

55 955 143 1016 uilius
166 957 261 1035 epatis
283 956 385 1016 mixtis
408 955 512 1016 calidis
535 958 655 1016 caroeni
676 955 798 1034 plenum
816 955 949 1017 cocleare
968 954 1060 1016 dahis.
1095 962 1096 965 ’

55 1079 60 1103 :
135 1043 233 1105 item
261 1042 408 1105 ealcrrlum
431 1063 520 1124 quem
542 1047 673 1124 primum
699 1047 815 1105 miserit
842 1044 911 1106 tolle
935 1050 965 1104 et
987 1052 1061 1124 tere,

55 1141 76 1193 et
98 1135 249 1194 nescienti
270 1135 303 1193 in
325 1151 401 1213 aqua
423 1133 518 1194 calida
540 1133 626 1194 dabis
648 1133 760 1194 hibere.
1076 1150 1101 1190 ιο

134 1222 232 1282 item.
260 1239 364 1284 semen
387 1222 424 1282 de
446 1221 538 1283 herba
560 1225 770 1302 personaciat
771 1240 830 1304 ere,
853 1230 884 1283 et
906 1222 973 1282 dato
998 1223 1080 1283 sive

55 1328 84 1370 ex
106 1310 195 1372 melle
219 1312 289 1375 sive
305 1312 337 1371 in
359 1329 462 1390 aqua.

55 1419 60 1453 t
133 1399 184 1461 Ad
211 1399 389 1460 calculum
417 1407 452 1461 et
478 1399 601 1461 colum
635 1418 737 1460 semen
768 1371 936 1478 pastinacae
965 1402 1060 1461 siccae

55 1487 220 1551 tentilatum
239 1488 398 1568 diligenter
415 1507 517 1577 purga
540 1507 609 1549 nam
626 1490 801 1566 vigesimam
819 1496 934 1568 partem
948 1491 1060 1593 piperis

55 1581 152 1656 ›ptimi
173 1581 206 1639 in
223 1580 367 1641 mortario
386 1580 468 1658 teris,
491 1580 548 1638 et
540 1597 572 1638 m
590 1577 668 1638 dolio
687 1579 782 1638 vitreo
802 1579 896 1639 conde
919 1587 949 1639 et
968 1581 1060 1657 signa.
1076 1593 1101 1633 1⁵

55 1683 87 1724 ex
107 1665 162 1727 hoc
185 1669 212 1726 si
236 1665 369 1726 dolorem
387 1665 517 1728 febrium
534 1665 632 1748 habet,
654 1669 687 1726 in
704 1685 781 1745 equa
800 1666 895 1728 calida
918 1675 1060 1747 quantum

55 1762 113 1814 tres
133 1753 218 1835 digiti
236 1757 367 1836 capiunt,
385 1757 486 1816 ieiuno
505 1754 598 1816 dahis.
624 1757 671 1816 sin
688 1773 759 1815 vero
778 1757 843 1816 sine
861 1755 943 1815 febre
962 1756 1060 1835 fuerit,

55 1840 133 1924 bret,
152 1851 185 1904 et
207 1862 242 1904 ea
266 1844 314 1905 die
336 1846 369 1904 in
391 1846 537 1948 piscinam
559 1863 619 1904 non
642 1844 819 1925 descendat,
843 1851 873 1904 et
895 1846 926 1903 in
949 1844 1058 1905 sabano

55 1951 77 1991 n
99 1932 219 1993 condito
244 1935 377 2012 accipiat
399 1935 432 1993 in
454 1932 560 1995 diebus
582 1932 662 1994 XXX
684 1940 730 1993 ter
752 1934 809 1993 hoc
831 1935 968 2012 accipiat,
997 1951 1058 1992 om-

55 2023 116 2082 nino
139 2040 302 2101 numquam
326 2020 444 2081 dolebit.
1071 2035 1097 2074 ao

55 2107 63 2170 i
133 2111 232 2172 Item.
260 2128 363 2171 semen
391 2110 493 2170 claone
516 2112 701 2171 nascituret
725 2112 756 2169 in
778 2109 851 2170 locis
878 2062 1009 2170 humidis
1029 2119 1057 2170 et

55 2198 151 2260 similis
175 2208 223 2260 est
246 2201 350 2278 sinapi.
375 2201 460 2260 euius
480 2217 582 2259 semen
601 2205 692 2277 quant
692 2217 741 2259 um
766 2199 867 2276 digitis
889 2197 986 2258 trihus
1005 2217 1056 2301 po-

55 2291 116 2348 eris
140 2288 404 2369 comprehendere,
428 2306 496 2348 cum
514 2286 594 2347 XXX
617 2289 717 2366 granis
736 2289 848 2366 piperis
872 2288 1033 2347 inmittas
1026 2307 1057 2347 m

55 2375 147 2458 ulida,
171 2384 203 2439 et
225 2376 270 2438 da.
293 2375 406 2437 bibat
398 2379 516 2438 ieiunus
539 2395 594 2456 per
617 2375 767 2479 plurimos
780 2376 852 2436 dies.

132 2467 229 2527 ltem.
254 2485 357 2527 semen
380 2465 530 2544 cauliculi,
554 2467 716 2568 cyminum,
739 2467 837 2544 piper,
864 2465 952 2526 bacas
980 2465 1056 2526 lauri
1072 2479 1096 2518 2⁵

55 2557 138 2614 iccas
172 2554 299 2615 mundas
336 2557 399 2615 sine
433 2557 552 2615 cortice
590 2556 692 2632 aequis
729 2552 911 2632 ponderibus
943 2554 1058 2634 singula

55 2643 212 2705 tunduntur
235 2650 265 2703 et
292 2645 323 2703 in
351 2662 444 2704 unum
471 2646 643 2704 miscentur.
673 2642 801 2721 desuper
829 2642 956 2703 adicitur
983 2644 1057 2723 lapis

55 2735 95 2809 qui
114 2734 147 2791 in
165 2733 266 2792 vesica
284 2734 405 2809 porcina
424 2735 583 2813 invenitur,
606 2739 635 2792 et
654 2734 719 2810 ipse
738 2733 846 2792 teritur
865 2750 934 2792 cum
955 2751 1056 2812 supra-

55 2820 133 2880 iictis
157 2819 322 2899 speciebus.
351 2821 517 2881 confectum
545 2828 678 2880 servatur
701 2823 733 2880 in
756 2820 833 2880 dolio
858 2823 959 2880 vitreo.
989 2840 1056 2880 cum

55 2927 167 2969 recesse
192 2908 290 2988 fuerit,
312 2908 397 2968 dahis
419 2912 451 2969 in
473 2908 570 2969 tribus
594 2911 685 2988 cyatis
705 2911 824 2970 caroeni
847 2911 939 2968 mixta
961 2908 1055 2968 calida
1069 2922 1095 2961 ³0

55 3017 97 3058 rer
120 2997 256 3057 triduum
279 2997 422 3057 coclearia
447 2997 569 3076 singula.

114 3183 278 3239 lbrsssicd
297 3184 371 3238 sicca
391 3187 453 3254 (sic)
472 3186 508 3240 B.
581 3185 708 3240 emittis
727 3203 777 3240 om.
795 3186 836 3239 ed.
927 3183 1053 3239 tieem.

55 3258 82 3311 d.
155 3255 255 3310 careni
274 3257 335 3326 (sic)
355 3257 390 3311 Β.
450 3255 624 3325 oporcitum
639 3259 701 3325 (sie)
716 3257 744 3309 B
762 3254 917 3325 (porcinum
935 3257 975 3310 ed.
994 3257 1054 3310 coll.

55 3344 66 3380 t.
79 3331 135 3397 59).
192 3333 227 3381 12
242 3342 276 3381 ex
294 3325 377 3382 melle
397 3329 459 3396 (sie)
479 3328 506 3380 Β
526 3326 675 3397 (oxymelle
693 3329 752 3397 eu).
807 3333 840 3381 14
858 3342 925 3380 nam
944 3329 1006 3394 (sie)
1027 3327 1054 3379 Β

56 3398 156 3453 deinde
174 3399 236 3467 ed).
351 3403 384 3451 16
403 3397 528 3453 dolorem
548 3401 610 3468 (sie)
630 3399 665 3453 B.
774 3404 806 3452 21
826 3396 924 3451 claone
944 3399 1006 3466 (sic)
1028 3399 1055 3451 Β

55 3468 180 3535 Jeloomse
197 3469 260 3538 ed).
348 3469 474 3524 nescitur
492 3470 515 3523 dc
533 3469 564 3523 in
581 3469 600 3525 l.
621 3472 682 3538 (sic)
702 3470 738 3524 Β.
846 3473 879 3521 22
899 3467 999 3538 synapi
1018 3470 1054 3525 Β.

55 3544 79 3595 io
97 3540 174 3594 sicca
191 3539 339 3594 mundsB
355 3543 391 3608 (et
407 3542 469 3610 cd).
