2392 3922
528 167 691 221 noaldus

429 381 507 444 XXI.
539 381 584 443 De
607 383 788 462 pthisicis.

157 485 326 549 Pthisicos
349 495 384 549 et
408 487 608 568 apoplecticos
626 506 685 548 una
704 487 759 548 sub
779 494 858 547 sorte
878 487 924 548 vel
943 488 1115 550 condicione
1126 484 1167 549 61

84 574 229 637 medicina
258 576 429 658 desperat,
459 575 529 636 licet
556 583 587 636 et
612 583 747 636 veterum
780 578 927 636 sententia
955 579 999 637 sic
1026 577 1116 638 suerit
1165 596 1169 603 ·

87 664 250 725 definitum.
301 665 390 726 unde
418 683 475 745 per
501 666 586 724 initia
613 683 664 725 eos
696 671 730 724 ut
760 682 919 742 possumus
951 663 1115 726 medicinae

89 753 230 815 remediis
255 754 413 815 iuramus.
460 753 615 813 chronicos
638 771 708 813 vero
736 752 823 831 plena
850 755 910 813 iam
933 752 987 813 suh
1011 753 1116 834 despe-
1144 766 1157 806 ὁ

90 843 214 923 ratione,
238 859 306 903 non
324 844 388 902 iam
407 848 441 902 ut
459 840 642 901 medicorum
660 839 794 922 medelis,
817 841 869 902 sed
888 843 981 919 magis
1002 849 1118 903 tantum

92 933 261 992 amicorum
286 930 402 991 solacio
425 931 587 990 visitamus.
633 946 703 1006 ergo
726 947 781 1008 per
803 931 887 989 initia
910 948 962 1008 spe
986 930 1041 991 sub
1061 949 1118 1009 qua

92 1018 209 1080 tuturos
234 1037 295 1079 nos
319 1036 426 1079 omncs
449 1016 566 1078 labores
594 1017 807 1099 impendimur,
833 1018 890 1078 hoc
914 1017 1017 1077 ordine
1040 1019 1117 1098 pthi-

90 1110 167 1167 sicos
192 1125 281 1168 curo.

183 1194 323 1256 febrium
341 1212 413 1273 ergo
427 1193 600 1272 frequenter
613 1193 660 1253 his
675 1211 709 1252 ex
724 1195 901 1254 necessitate
920 1192 1117 1254 accidentium
1132 1210 1157 1249 1o

94 1294 234 1364 tempora
259 1283 456 1345 considerans
484 1280 566 1342 cibos
593 1287 623 1341 et
651 1281 797 1342 adiutoria
818 1281 1001 1342 ministrabo.
1048 1301 1118 1342 oon-

93 1380 226 1435 suerunt
251 1374 334 1432 enim
353 1369 408 1431 sub
428 1369 554 1449 quodam
577 1368 670 1431 veluti
687 1372 786 1449 typico
805 1370 975 1431 charactere
998 1389 1117 1450 vesper-

93 1464 168 1523 tinis
196 1462 299 1539 magis
326 1458 461 1519 febribus
489 1457 655 1539 admoneri,
684 1465 718 1518 ut
745 1458 902 1536 aliquando
930 1459 1038 1520 cotidie
1066 1460 1117 1521 ali-

93 1552 243 1631 quotiens
279 1550 360 1609 oirca
396 1547 475 1607 diem
511 1550 633 1607 tertium
669 1553 850 1607 moveantur.
901 1547 983 1607 cibos
1017 1551 1116 1628 itaque

93 1637 228 1701 sorbiles
258 1635 349 1717 dabo,
381 1642 412 1696 et
439 1637 466 1695 si
492 1637 600 1696 virium
628 1634 684 1695 alia
711 1653 767 1695 uos
797 1654 867 1695 cura
895 1638 1116 1718 constrinxerit,
1132 1652 1157 1692 15

93 1726 232 1789 concedo
267 1726 359 1785 etiam
390 1723 560 1805 solidiores,
591 1723 689 1802 pultes
724 1741 798 1802 quas
829 1724 941 1807 volent,
973 1743 1116 1803 agnorum

94 1813 224 1877 cerebra
252 1811 301 1873 rel
327 1812 503 1893 haedorum,
532 1830 657 1873 acrones
685 1829 841 1890 caprarum
868 1814 931 1872 sive
957 1831 1116 1892 porcorum

92 1903 139 1965 rel
164 1920 279 1965 sucum
301 1899 354 1960 ubi
373 1900 542 1979 supradicta
564 1900 739 1961 decoxerint
762 1906 813 1961 aut
840 1907 921 1961 certe
944 1900 1116 1979 aplozomon

92 2012 126 2053 er
148 1990 270 2052 salibus
290 1988 355 2049 oleo
370 1995 401 2049 et
419 1995 505 2048 aneto
525 1996 554 2049 et
573 2007 648 2067 aqua
666 1988 719 2049 uhi
740 1988 861 2049 eaedem
879 1987 1006 2066 ungulae
1026 2008 1115 2067 supra

92 2082 191 2141 dictae
222 2077 402 2139 maduerint.
453 2075 527 2136 daho
555 2094 701 2156 caponum
728 2079 874 2137 maiorum
902 2083 1007 2158 testes,
1040 2077 1114 2136 dabo
1129 2093 1156 2132 ao

166 2256 181 2303 1
209 2250 255 2304 tit.
279 2247 321 2301 De
344 2244 435 2300 tisicis
463 2245 592 2300 theodori
618 2245 756 2316 prisciani
773 2246 846 2303 VIII.
865 2265 892 2314 r,
921 2246 962 2300 De
984 2246 1114 2315 pthisicis

90 2322 163 2377 m.
189 2319 265 2385 VB,
285 2318 327 2371 De
344 2316 454 2387 ptisioie
471 2319 495 2372 b.
604 2322 620 2370 3
638 2317 780 2371 medicina
798 2319 834 2373 rb
846 2319 918 2385 aet,
937 2333 1025 2370 -nae
1049 2318 1114 2375 VB.

90 2391 228 2462 despirat
251 2389 284 2457 V,
303 2388 436 2457 desperat
453 2387 508 2443 rB:
528 2387 655 2457 disparat
673 2389 758 2444 chl.
871 2393 889 2440 4
908 2387 1060 2442 diffinitum
1083 2390 1113 2446 V.

90 2461 259 2518 medicinae
277 2458 346 2514 rbB
356 2459 392 2513 V:
411 2475 461 2513 om.
483 2458 540 2514 aaz.
619 2465 635 2513 ὅ
653 2457 786 2512 remediis
810 2460 854 2514 Vb
865 2460 936 2515 Gela
956 2460 1039 2514 —dio
1058 2461 1114 2517 rB.

89 2535 229 2588 iuramus
247 2530 339 2586 rVB:
359 2528 525 2584 adiuvemus
544 2529 630 2585 boet.
709 2530 795 2598 (vero)
812 2529 918 2598 tysicos
937 2533 1000 2587 add.
1020 2550 1042 2587 r.

90 2606 143 2660 sub
163 2603 257 2675 plena
277 2601 303 2655 d.
323 2603 383 2670 (om.
403 2599 471 2669 iam)
489 2602 512 2656 b.
578 2605 594 2653 6
612 2599 740 2655 medellis
760 2601 790 2670 V,
809 2600 927 2657 medelis
946 2602 1003 2657 Bb:
1022 2603 1114 2658 officio

90 2677 161 2744 Get,
182 2671 287 2728 offitiis
306 2687 329 2726 r.
402 2670 493 2741 magis
507 2670 617 2727 rVBb:
636 2688 687 2727 om.
704 2671 761 2727 Gal.
818 2671 955 2727 isolatio
975 2674 1030 2728 VB
1042 2675 1113 2730 Get:

90 2745 212 2801 solaciis
231 2744 277 2799 rb.
406 2757 455 2811 epe
473 2741 525 2795 sub
544 2758 601 2810 qua
619 2744 685 2810 (quo
699 2744 737 2812 r):
755 2743 797 2797 sic
814 2743 891 2797 rVB
909 2751 934 2800 et
952 2744 1033 2866 (spei,
1054 2746 1112 2801 Gal.

90 2820 151 2883 (ubi
170 2819 202 2871 b:
233 2813 286 2867 sub
310 2828 476 2881 quacunque
499 2811 656 2866 futurorum
679 2828 736 2881 spe.
760 2818 790 2866 ds
810 2815 927 2884 (omnes)
949 2831 993 2868 res
1034 2815 1113 2876 aben

89 2894 166 2948 mora
186 2882 398 2954 impendimus).
471 2887 487 2935 8
505 2899 557 2937 nos
576 2900 672 2938 omnes
690 2883 778 2939 rVB:
798 2901 893 2939 omnes
911 2902 962 2938 nos
983 2885 1041 2939 Get.

91 2964 125 3012 13
146 2953 321 3011 ammoneri:
339 2954 379 3008 sic
402 2954 459 3008 VB
473 2953 629 3023 (admoneri
648 2954 730 3023 oet),
755 2955 880 3010 amoveri
897 2974 920 3023 r,
940 2952 1114 3008 admoverim

91 3032 154 3097 (sic)
175 3030 201 3082 b.
278 3030 312 3078 15
331 3023 390 3079 alia
413 3024 574 3081 VBoGeza
594 3024 691 3093 aliqua
708 3042 731 3079 r.
806 3032 838 3080 16
853 3026 1016 3080 rolentrB:
1036 3023 1114 3078 volet

95 3101 143 3155 Vb
155 3098 218 3153 Gal.
344 3101 377 3149 17
398 3110 513 3149 acrones
531 3096 629 3151 rVBb
642 3095 714 3150 Get:
734 3113 800 3150 acra
820 3098 903 3165 Gaas,
923 3095 1003 3164 Coei,
1022 3095 1111 3150 Mose.

90 3177 140 3225 ete.
156 3172 206 3237 (=
221 3165 318 3236 capita
336 3167 366 3219 et
383 3165 468 3235 pedes
483 3198 517 3206 -
532 3167 568 3222 al.
588 3165 683 3236 capita
696 3167 801 3236 pedum
814 3200 848 3208 -
883 3165 1048 3221 orcellorum
1062 3166 1113 3218 aut

90 3240 235 3295 hedomm
254 3238 317 3292 Eoo.
333 3241 369 3292 17
388 3263 422 3282 =
438 3236 505 3292 Gar.
524 3243 560 3306 2,
579 3240 606 3308 5)
626 3264 659 3282 =
678 3239 757 3305 infra
782 3187 906 3308 unguiie
925 3237 976 3304 (cf.
996 3237 1059 3290 Eoo.
1075 3240 1112 3289 18

93 3311 184 3380 pedes
211 3307 400 3379 porcellorum
426 3309 518 3362 rostra
548 3324 638 3364 aures.
664 3307 736 3364 Coae.
755 3313 835 3378 4012.
850 3315 903 3376 92,
922 3313 956 3360 14
982 3323 1013 3360 ce
1033 3305 1112 3359 halo-

94 3382 207 3451 podas).
281 3384 314 3433 18
335 3394 420 3448 supra
438 3378 543 3447 scripta
560 3380 634 3449 r(=
648 3385 676 3434 si
691 3381 715 3446 b,
733 3386 765 3435 at
782 3397 806 3434 o.
821 3383 858 3433 19
876 3380 910 3447 b).
984 3325 1049 3447 apio
1068 3392 1112 3430 zo·
1181 3424 1185 3433 .

96 3469 162 3506 mon
173 3453 236 3521 (eie)
250 3451 376 3519 Vmor),
394 3447 555 3518 aploiomon
572 3468 600 3506 r:
620 3449 767 3519 apozimou
776 3450 812 3519 B,
832 3465 913 3502 -ma
927 3449 950 3503 b.
1004 3453 1036 3502 19
1051 3447 1112 3501 oleo
1180 3446 1185 3465 ¹

97 3526 127 3577 et
145 3524 231 3577 aneto
249 3523 321 3581 ΝΒ
332 3521 404 3579 aaa
424 3521 485 3576 oleo
505 3519 618 3576 anetina
638 3523 661 3577 b.

900 3607 950 3663 11*
