<?xml version="1.0" encoding="UTF-8"?>
<!DOCTYPE html PUBLIC "-//W3C//DTD XHTML 1.0 Transitional//EN"
    "http://www.w3.org/TR/xhtml1/DTD/xhtml1-transitional.dtd">
<html xmlns="http://www.w3.org/1999/xhtml" xml:lang="en" lang="en">
 <head>
  <title>
</title>
<meta http-equiv="Content-Type" content="text/html;charset=utf-8" />
  <meta name='ocr-system' content='tesseract 3.04.00' />
  <meta name='ocr-capabilities' content='ocr_page ocr_carea ocr_par ocr_line ocrx_word'/>
</head>
<body>
  <div class='ocr_page' id='page_1' title='image "./euporistonlibri00rosegoog_0373.png"; bbox 0 0 2392 3922; ppageno 0'>
   <div class='ocr_carea' id='block_1_1' title="bbox 120 168 800 236">
    <p class='ocr_par' dir='ltr' id='par_1_1' title="bbox 120 168 800 236">
     <span class='ocr_line' id='line_1_1' title="bbox 120 168 800 236; baseline -0.004 -13"><span class='ocrx_word' id='word_1_1' title='bbox 120 170 188 236; x_wconf 82' lang='lat'>340</span> <span class='ocrx_word' id='word_1_2' title='bbox 454 168 800 222; x_wconf 77' lang='lat' dir='ltr'>resono-unnooonr</span> 
     </span>
    </p>
   </div>
   <div class='ocr_carea' id='block_1_2' title="bbox 93 387 1143 885">
    <p class='ocr_par' dir='ltr' id='par_1_2' title="bbox 93 387 1143 885">
     <span class='ocr_line' id='line_1_2' title="bbox 121 387 1143 458; baseline -0.005 -11"><span class='ocrx_word' id='word_1_3' title='bbox 121 390 424 457; x_wconf 75' lang='lat' dir='ltr'>Aduso.111,1o(27</span> <span class='ocrx_word' id='word_1_4' title='bbox 440 395 503 458; x_wconf 79' lang='lat' dir='ltr'>post</span> <span class='ocrx_word' id='word_1_5' title='bbox 521 389 623 458; x_wconf 67' lang='lat' dir='ltr'>fiam).</span> <span class='ocrx_word' id='word_1_6' title='bbox 652 387 810 458; x_wconf 74' lang='lat' dir='ltr'>Sequumtur</span> <span class='ocrx_word' id='word_1_7' title='bbox 832 404 906 443; x_wconf 81' lang='grc'><strong>0000</strong></span> <span class='ocrx_word' id='word_1_8' title='bbox 924 389 1055 458; x_wconf 77' lang='lat' dir='ltr'>capitula</span> <span class='ocrx_word' id='word_1_9' title='bbox 1076 390 1143 455; x_wconf 77' lang='lat' dir='ltr'>(sina</span> 
     </span>
     <span class='ocr_line' id='line_1_3' title="bbox 119 459 1143 530; baseline -0.005 -12"><span class='ocrx_word' id='word_1_10' title='bbox 119 462 251 529; x_wconf 70' lang='lat' dir='ltr'>nocueris)</span> <span class='ocrx_word' id='word_1_11' title='bbox 268 477 336 530; x_wconf 73' lang='lat' dir='ltr'>quac</span> <span class='ocrx_word' id='word_1_12' title='bbox 351 461 479 530; x_wconf 76' lang='lat' dir='ltr'>lepcatcr</span> <span class='ocrx_word' id='word_1_13' title='bbox 492 460 575 515; x_wconf 81' lang='lat' dir='ltr'>ctiam</span> <span class='ocrx_word' id='word_1_14' title='bbox 589 462 621 514; x_wconf 79' lang='lat' dir='ltr'>c&#39;o</span> <span class='ocrx_word' id='word_1_15' title='bbox 634 460 691 514; x_wconf 85' lang='lat' dir='ltr'>cod.</span> <span class='ocrx_word' id='word_1_16' title='bbox 707 460 805 515; x_wconf 84' lang='lat' dir='ltr'>Bamb.</span> <span class='ocrx_word' id='word_1_17' title='bbox 821 459 849 512; x_wconf 87' lang='lat' dir='ltr'><strong><em>L</em></strong></span> <span class='ocrx_word' id='word_1_18' title='bbox 861 460 921 514; x_wconf 85' lang='lat' dir='ltr'>III.</span> <span class='ocrx_word' id='word_1_19' title='bbox 937 464 974 513; x_wconf 88' lang='lat'>11</span> <span class='ocrx_word' id='word_1_20' title='bbox 982 462 1023 530; x_wconf 76' lang='lat'>(9)</span> <span class='ocrx_word' id='word_1_21' title='bbox 1039 475 1061 514; x_wconf 84' lang='lat' dir='ltr'>s.</span> <span class='ocrx_word' id='word_1_22' title='bbox 1073 460 1143 525; x_wconf 82' lang='lat' dir='ltr'><strong><em>XII,</em></strong></span> 
     </span>
     <span class='ocr_line' id='line_1_4' title="bbox 121 530 1142 603; baseline 0 -18"><span class='ocrx_word' id='word_1_23' title='bbox 121 548 235 603; x_wconf 61' lang='lat' dir='ltr'>prorem</span> <span class='ocrx_word' id='word_1_24' title='bbox 253 533 348 587; x_wconf 78' lang='lat' dir='ltr'>titulos</span> <span class='ocrx_word' id='word_1_25' title='bbox 372 531 437 602; x_wconf 69' lang='grc'><strong>10911</strong></span> <span class='ocrx_word' id='word_1_26' title='bbox 460 532 492 584; x_wconf 78' lang='lat' dir='ltr'>ie</span> <span class='ocrx_word' id='word_1_27' title='bbox 514 531 605 586; x_wconf 80' lang='lat' dir='ltr'>iudice</span> <span class='ocrx_word' id='word_1_28' title='bbox 622 532 759 585; x_wconf 76' lang='lat' dir='ltr'>communi</span> <span class='ocrx_word' id='word_1_29' title='bbox 778 531 843 585; x_wconf 69' lang='lat' dir='ltr'>libri</span> <span class='ocrx_word' id='word_1_30' title='bbox 856 530 914 583; x_wconf 88' lang='grc' dir='ltr'>ΙΠ</span> <span class='ocrx_word' id='word_1_31' title='bbox 922 531 1036 585; x_wconf 74' lang='lat' dir='ltr'>Pseudo</span> <span class='ocrx_word' id='word_1_32' title='bbox 1059 531 1142 585; x_wconf 77' lang='lat' dir='ltr'>Theo·</span> 
     </span>
     <span class='ocr_line' id='line_1_5' title="bbox 120 602 1141 671; baseline -0.003 -12"><span class='ocrx_word' id='word_1_33' title='bbox 120 604 183 659; x_wconf 80' lang='lat' dir='ltr'>dori</span> <span class='ocrx_word' id='word_1_34' title='bbox 196 604 228 656; x_wconf 80' lang='lat' dir='ltr'>c&#39;a</span> <span class='ocrx_word' id='word_1_35' title='bbox 237 604 295 657; x_wconf 86' lang='lat' dir='ltr'>cod.</span> <span class='ocrx_word' id='word_1_36' title='bbox 306 603 429 656; x_wconf 78' lang='lat' dir='ltr'>Bcrolc&#39;n.</span> <span class='ocrx_word' id='word_1_37' title='bbox 436 605 529 670; x_wconf 81' lang='lat' dir='ltr'>p.132</span> <span class='ocrx_word' id='word_1_38' title='bbox 543 604 639 671; x_wconf 63' lang='lat' dir='ltr'>ermae</span> <span class='ocrx_word' id='word_1_39' title='bbox 652 607 794 670; x_wconf 63' lang='lat' dir='ltr'>coemptus</span> <span class='ocrx_word' id='word_1_40' title='bbox 808 602 880 656; x_wconf 81' lang='lat' dir='ltr'>idem</span> <span class='ocrx_word' id='word_1_41' title='bbox 894 602 964 656; x_wconf 79' lang='lat' dir='ltr'>liter</span> <span class='ocrx_word' id='word_1_42' title='bbox 974 602 1141 669; x_wconf 69' lang='lat' dir='ltr'>concludar)</span> 
     </span>
     <span class='ocr_line' id='line_1_6' title="bbox 93 673 1142 744; baseline 0 -16"><span class='ocrx_word' id='word_1_43' title='bbox 93 688 107 728; x_wconf 84' lang='lat' dir='ltr'>o</span> <span class='ocrx_word' id='word_1_44' title='bbox 126 675 185 729; x_wconf 82' lang='lat' dir='ltr'>Vct.</span> <span class='ocrx_word' id='word_1_45' title='bbox 201 673 300 744; x_wconf 75' lang='lat' dir='ltr'>Regio.</span> <span class='ocrx_word' id='word_1_46' title='bbox 317 676 391 727; x_wconf 81' lang='lat'><em>1756</em></span> <span class='ocrx_word' id='word_1_47' title='bbox 402 676 448 740; x_wconf 87' lang='lat'>(=</span> <span class='ocrx_word' id='word_1_48' title='bbox 462 677 492 740; x_wconf 87' lang='lat' dir='ltr'>a)</span> <span class='ocrx_word' id='word_1_49' title='bbox 511 674 532 741; x_wconf 78' lang='lat' dir='ltr'>f.</span> <span class='ocrx_word' id='word_1_50' title='bbox 547 675 590 726; x_wconf 77' lang='lat'>44.</span> <span class='ocrx_word' id='word_1_51' title='bbox 616 674 762 743; x_wconf 74' lang='lat' dir='ltr'>prologum</span> <span class='ocrx_word' id='word_1_52' title='bbox 776 673 888 739; x_wconf 75' lang='grc'><strong>1100000,</strong></span> <span class='ocrx_word' id='word_1_53' title='bbox 906 689 961 742; x_wconf 76' lang='lat' dir='ltr'>qao</span> <span class='ocrx_word' id='word_1_54' title='bbox 975 673 1046 728; x_wconf 78' lang='lat' dir='ltr'>labec·</span> <span class='ocrx_word' id='word_1_55' title='bbox 1059 689 1142 728; x_wconf 76' lang='grc'><strong>00000</strong></span> 
     </span>
     <span class='ocr_line' id='line_1_7' title="bbox 120 743 1142 815; baseline -0.002 -15"><span class='ocrx_word' id='word_1_56' title='bbox 120 746 312 815; x_wconf 71' lang='lat' dir='ltr'>distinguitur,</span> <span class='ocrx_word' id='word_1_57' title='bbox 327 760 388 799; x_wconf 79' lang='lat' dir='ltr'>cum</span> <span class='ocrx_word' id='word_1_58' title='bbox 399 744 480 798; x_wconf 78' lang='lat' dir='ltr'>tilulo</span> <span class='ocrx_word' id='word_1_59' title='bbox 496 744 587 798; x_wconf 71' lang='lat' dir='ltr'>omnic</span> <span class='ocrx_word' id='word_1_60' title='bbox 599 743 709 809; x_wconf 81' lang='lat' dir='ltr'>Bamb,</span> <span class='ocrx_word' id='word_1_61' title='bbox 723 744 772 813; x_wconf 76' lang='lat' dir='ltr'>qui</span> <span class='ocrx_word' id='word_1_62' title='bbox 786 743 912 812; x_wconf 77' lang='lat' dir='ltr'>capitula</span> <span class='ocrx_word' id='word_1_63' title='bbox 928 744 1002 798; x_wconf 83' lang='lat' dir='ltr'>male</span> <span class='ocrx_word' id='word_1_64' title='bbox 1016 750 1142 798; x_wconf 69' lang='grc'><strong>00100101</strong></span> 
     </span>
     <span class='ocr_line' id='line_1_8' title="bbox 138 814 1124 885; baseline -0.002 -15"><span class='ocrx_word' id='word_1_65' title='bbox 138 818 218 885; x_wconf 77' lang='lat' dir='ltr'>quasi</span> <span class='ocrx_word' id='word_1_66' title='bbox 235 817 355 870; x_wconf 79' lang='lat' dir='ltr'>ciusdem</span> <span class='ocrx_word' id='word_1_67' title='bbox 373 816 439 870; x_wconf 78' lang='lat' dir='ltr'>libri</span> <span class='ocrx_word' id='word_1_68' title='bbox 458 814 605 870; x_wconf 88' lang='lat' dir='ltr'><strong><em>XI-XX</em></strong></span> <span class='ocrx_word' id='word_1_69' title='bbox 622 815 714 882; x_wconf 79' lang='lat' dir='ltr'>(addit</span> <span class='ocrx_word' id='word_1_70' title='bbox 729 814 828 882; x_wconf 86' lang='lat' dir='ltr'><strong><em>XXI).</em></strong></span> <span class='ocrx_word' id='word_1_71' title='bbox 856 815 901 869; x_wconf 80' lang='lat' dir='ltr'>bic</span> <span class='ocrx_word' id='word_1_72' title='bbox 917 815 1008 869; x_wconf 78' lang='lat' dir='ltr'>malta</span> <span class='ocrx_word' id='word_1_73' title='bbox 1026 817 1124 870; x_wconf 78' lang='lat' dir='ltr'>omisit.</span> 
     </span>
    </p>
   </div>
   <div class='ocr_carea' id='block_1_3' title="bbox 208 945 1057 1019">
    <p class='ocr_par' dir='ltr' id='par_1_3' title="bbox 208 945 1057 1019">
     <span class='ocr_line' id='line_1_9' title="bbox 208 945 1057 1019; baseline -0.001 0"><span class='ocrx_word' id='word_1_74' title='bbox 208 948 400 1019; x_wconf 75' lang='lat' dir='ltr'>Theodorus</span> <span class='ocrx_word' id='word_1_75' title='bbox 435 947 632 1019; x_wconf 79' lang='lat' dir='ltr'><strong>Priscianus</strong></span> <span class='ocrx_word' id='word_1_76' title='bbox 661 945 704 1016; x_wconf 88' lang='lat' dir='ltr'>ad</span> <span class='ocrx_word' id='word_1_77' title='bbox 732 946 907 1018; x_wconf 66' lang='lat' dir='ltr'>batumum</span> <span class='ocrx_word' id='word_1_78' title='bbox 933 947 1057 1018; x_wconf 83' lang='lat' dir='ltr'>fllium.</span> 
     </span>
    </p>
   </div>
   <div class='ocr_carea' id='block_1_4' title="bbox 83 1060 1139 1448">
    <p class='ocr_par' dir='ltr' id='par_1_4' title="bbox 194 1060 1139 1132">
     <span class='ocr_line' id='line_1_10' title="bbox 194 1060 1139 1132; baseline -0.004 -14"><span class='ocrx_word' id='word_1_79' title='bbox 194 1065 227 1118; x_wconf 89' lang='lat' dir='ltr'>ln</span> <span class='ocrx_word' id='word_1_80' title='bbox 244 1064 299 1119; x_wconf 87' lang='lat' dir='ltr'>hoc</span> <span class='ocrx_word' id='word_1_81' title='bbox 317 1080 384 1118; x_wconf 83' lang='lat' dir='ltr'>vero</span> <span class='ocrx_word' id='word_1_82' title='bbox 402 1062 466 1117; x_wconf 89' lang='lat' dir='ltr'>loco</span> <span class='ocrx_word' id='word_1_83' title='bbox 485 1079 550 1116; x_wconf 91' lang='lat' dir='ltr'>cum</span> <span class='ocrx_word' id='word_1_84' title='bbox 565 1060 788 1131; x_wconf 71' lang='lat' dir='ltr'>cogitationibus</span> <span class='ocrx_word' id='word_1_85' title='bbox 801 1077 942 1130; x_wconf 76' lang='lat' dir='ltr'>vacarem,</span> <span class='ocrx_word' id='word_1_86' title='bbox 962 1062 1139 1132; x_wconf 86' lang='lat' dir='ltr'>congregatis</span> 
     </span>
    </p>

    <p class='ocr_par' dir='ltr' id='par_1_5' title="bbox 83 1139 1138 1210">
     <span class='ocr_line' id='line_1_11' title="bbox 83 1139 1138 1210; baseline -0.004 -12"><span class='ocrx_word' id='word_1_87' title='bbox 83 1160 110 1199; x_wconf 87' lang='lat' dir='ltr'>uo</span> <span class='ocrx_word' id='word_1_88' title='bbox 123 1160 234 1198; x_wconf 88' lang='lat' dir='ltr'>mecum</span> <span class='ocrx_word' id='word_1_89' title='bbox 262 1142 326 1196; x_wconf 88' lang='lat' dir='ltr'>aliis</span> <span class='ocrx_word' id='word_1_90' title='bbox 356 1141 520 1196; x_wconf 83' lang='lat' dir='ltr'>auctoribus</span> <span class='ocrx_word' id='word_1_91' title='bbox 548 1139 660 1195; x_wconf 77' lang='lat' dir='ltr'>utiliter</span> <span class='ocrx_word' id='word_1_92' title='bbox 685 1140 778 1195; x_wconf 83' lang='lat' dir='ltr'>visum</span> <span class='ocrx_word' id='word_1_93' title='bbox 806 1142 849 1194; x_wconf 85' lang='lat' dir='ltr'>est</span> <span class='ocrx_word' id='word_1_94' title='bbox 876 1140 960 1194; x_wconf 89' lang='lat' dir='ltr'>nobis</span> <span class='ocrx_word' id='word_1_95' title='bbox 989 1158 1079 1210; x_wconf 88' lang='lat' dir='ltr'>quae</span> <span class='ocrx_word' id='word_1_96' title='bbox 1103 1142 1138 1196; x_wconf 88' lang='lat' dir='ltr'>ad</span> 
     </span>
    </p>

    <p class='ocr_par' dir='ltr' id='par_1_6' title="bbox 123 1218 1139 1291">
     <span class='ocr_line' id='line_1_12' title="bbox 123 1218 1139 1291; baseline -0.002 -13"><span class='ocrx_word' id='word_1_97' title='bbox 123 1241 221 1279; x_wconf 84' lang='lat' dir='ltr'>curae</span> <span class='ocrx_word' id='word_1_98' title='bbox 254 1223 438 1276; x_wconf 84' lang='lat' dir='ltr'>mulierum</span> <span class='ocrx_word' id='word_1_99' title='bbox 469 1221 649 1291; x_wconf 84' lang='lat' dir='ltr'>pertinent</span> <span class='ocrx_word' id='word_1_100' title='bbox 680 1236 724 1275; x_wconf 92' lang='lat' dir='ltr'>res</span> <span class='ocrx_word' id='word_1_101' title='bbox 762 1218 855 1274; x_wconf 85' lang='lat' dir='ltr'>fisicas</span> <span class='ocrx_word' id='word_1_102' title='bbox 887 1222 1015 1276; x_wconf 87' lang='lat' dir='ltr'>tractare</span> <span class='ocrx_word' id='word_1_103' title='bbox 1049 1239 1139 1276; x_wconf 89' lang='lat' dir='ltr'>eorum</span> 
     </span>
    </p>

    <p class='ocr_par' dir='ltr' id='par_1_7' title="bbox 123 1298 1138 1448">
     <span class='ocr_line' id='line_1_13' title="bbox 123 1298 1138 1371; baseline -0.001 -14"><span class='ocrx_word' id='word_1_104' title='bbox 123 1300 251 1371; x_wconf 87' lang='lat' dir='ltr'>exemplo</span> <span class='ocrx_word' id='word_1_105' title='bbox 271 1301 454 1370; x_wconf 85' lang='lat' dir='ltr'>conscriptas,</span> <span class='ocrx_word' id='word_1_106' title='bbox 474 1303 594 1369; x_wconf 86' lang='lat' dir='ltr'>atquae</span> <span class='ocrx_word' id='word_1_107' title='bbox 614 1298 765 1353; x_wconf 81' lang='lat' dir='ltr'>didicimus</span> <span class='ocrx_word' id='word_1_108' title='bbox 784 1316 881 1355; x_wconf 89' lang='lat' dir='ltr'>eorum</span> <span class='ocrx_word' id='word_1_109' title='bbox 900 1301 1032 1370; x_wconf 87' lang='lat' dir='ltr'>exemplo</span> <span class='ocrx_word' id='word_1_110' title='bbox 1047 1306 1077 1356; x_wconf 88' lang='lat' dir='ltr'>et</span> <span class='ocrx_word' id='word_1_111' title='bbox 1095 1305 1138 1356; x_wconf 88' lang='lat' dir='ltr'>tuo</span> 
     </span>
     <span class='ocr_line' id='line_1_14' title="bbox 123 1379 602 1448; baseline 0 -14"><span class='ocrx_word' id='word_1_112' title='bbox 123 1379 314 1448; x_wconf 84' lang='lat' dir='ltr'>experimento</span> <span class='ocrx_word' id='word_1_113' title='bbox 332 1379 439 1448; x_wconf 85' lang='lat' dir='ltr'>poteris</span> <span class='ocrx_word' id='word_1_114' title='bbox 459 1379 602 1434; x_wconf 88' lang='lat' dir='ltr'>adhibere.</span> 
     </span>
    </p>
   </div>
   <div class='ocr_carea' id='block_1_5' title="bbox 83 1484 1139 1954">
    <p class='ocr_par' dir='ltr' id='par_1_8' title="bbox 255 1484 1011 1556">
     <span class='ocr_line' id='line_1_15' title="bbox 255 1484 1011 1556; baseline 0.007 -19"><span class='ocrx_word' id='word_1_115' title='bbox 255 1485 276 1537; x_wconf 94' lang='lat' dir='ltr'>I.</span> <span class='ocrx_word' id='word_1_116' title='bbox 300 1484 347 1538; x_wconf 88' lang='lat' dir='ltr'>De</span> <span class='ocrx_word' id='word_1_117' title='bbox 366 1485 536 1554; x_wconf 84' lang='lat' dir='ltr'>sanguine</span> <span class='ocrx_word' id='word_1_118' title='bbox 553 1486 761 1540; x_wconf 81' lang='lat' dir='ltr'>menstruali</span> <span class='ocrx_word' id='word_1_119' title='bbox 779 1487 1011 1556; x_wconf 83' lang='lat' dir='ltr'>provocando.</span> 
     </span>
    </p>

    <p class='ocr_par' dir='ltr' id='par_1_9' title="bbox 83 1562 1139 1954">
     <span class='ocr_line' id='line_1_16' title="bbox 83 1562 1138 1635; baseline -0.001 -14"><span class='ocrx_word' id='word_1_120' title='bbox 83 1581 109 1621; x_wconf 82' lang='lat'>15</span> <span class='ocrx_word' id='word_1_121' title='bbox 194 1562 366 1632; x_wconf 73' lang='lat' dir='ltr'>Sanguinem</span> <span class='ocrx_word' id='word_1_122' title='bbox 384 1565 587 1620; x_wconf 85' lang='lat' dir='ltr'>menstrualem</span> <span class='ocrx_word' id='word_1_123' title='bbox 600 1569 737 1635; x_wconf 86' lang='lat' dir='ltr'>provocat</span> <span class='ocrx_word' id='word_1_124' title='bbox 751 1565 858 1620; x_wconf 91' lang='lat' dir='ltr'>nitrum</span> <span class='ocrx_word' id='word_1_125' title='bbox 876 1567 905 1620; x_wconf 84' lang='lat' dir='ltr'>et</span> <span class='ocrx_word' id='word_1_126' title='bbox 923 1565 1018 1621; x_wconf 87' lang='lat' dir='ltr'>farina</span> <span class='ocrx_word' id='word_1_127' title='bbox 1037 1568 1138 1622; x_wconf 87' lang='lat' dir='ltr'>munda</span> 
     </span>
     <span class='ocr_line' id='line_1_17' title="bbox 123 1643 1138 1715; baseline -0.001 -16"><span class='ocrx_word' id='word_1_128' title='bbox 123 1661 158 1699; x_wconf 85' lang='lat' dir='ltr'>ex</span> <span class='ocrx_word' id='word_1_129' title='bbox 176 1643 238 1699; x_wconf 89' lang='lat' dir='ltr'>oleo</span> <span class='ocrx_word' id='word_1_130' title='bbox 256 1643 405 1698; x_wconf 88' lang='lat' dir='ltr'>mnrracio.</span> <span class='ocrx_word' id='word_1_131' title='bbox 434 1645 509 1699; x_wconf 85' lang='lat' dir='ltr'>teres</span> <span class='ocrx_word' id='word_1_132' title='bbox 533 1649 562 1699; x_wconf 90' lang='lat' dir='ltr'>et</span> <span class='ocrx_word' id='word_1_133' title='bbox 586 1663 728 1715; x_wconf 89' lang='lat' dir='ltr'>suppones</span> <span class='ocrx_word' id='word_1_134' title='bbox 752 1646 783 1699; x_wconf 90' lang='lat' dir='ltr'>in</span> <span class='ocrx_word' id='word_1_135' title='bbox 806 1644 900 1715; x_wconf 88' lang='lat' dir='ltr'>capite</span> <span class='ocrx_word' id='word_1_136' title='bbox 918 1645 1057 1701; x_wconf 84' lang='lat' dir='ltr'>matricis.</span> <span class='ocrx_word' id='word_1_137' title='bbox 1091 1646 1138 1699; x_wconf 88' lang='lat' dir='ltr'>hoc</span> 
     </span>
     <span class='ocr_line' id='line_1_18' title="bbox 123 1723 1139 1794; baseline -0.001 -15"><span class='ocrx_word' id='word_1_138' title='bbox 123 1724 212 1780; x_wconf 85' lang='lat' dir='ltr'>etiam</span> <span class='ocrx_word' id='word_1_139' title='bbox 234 1726 264 1779; x_wconf 88' lang='lat' dir='ltr'>et</span> <span class='ocrx_word' id='word_1_140' title='bbox 286 1739 412 1778; x_wconf 88' lang='lat' dir='ltr'>umorem</span> <span class='ocrx_word' id='word_1_141' title='bbox 437 1726 466 1778; x_wconf 87' lang='lat' dir='ltr'>et</span> <span class='ocrx_word' id='word_1_142' title='bbox 490 1723 656 1794; x_wconf 87' lang='lat' dir='ltr'>sanguinem</span> <span class='ocrx_word' id='word_1_143' title='bbox 680 1724 819 1779; x_wconf 82' lang='lat' dir='ltr'>detrahet.</span> <span class='ocrx_word' id='word_1_144' title='bbox 847 1740 915 1777; x_wconf 89' lang='lat' dir='ltr'>nam</span> <span class='ocrx_word' id='word_1_145' title='bbox 940 1725 970 1778; x_wconf 91' lang='lat' dir='ltr'>et</span> <span class='ocrx_word' id='word_1_146' title='bbox 993 1723 1093 1779; x_wconf 85' lang='lat' dir='ltr'>vinum</span> <span class='ocrx_word' id='word_1_147' title='bbox 1114 1728 1139 1778; x_wconf 90' lang='lat' dir='ltr'>ct</span> 
     </span>
     <span class='ocr_line' id='line_1_19' title="bbox 124 1801 1139 1875; baseline -0.004 -15"><span class='ocrx_word' id='word_1_148' title='bbox 124 1803 220 1875; x_wconf 87' lang='lat' dir='ltr'>apium</span> <span class='ocrx_word' id='word_1_149' title='bbox 242 1803 273 1857; x_wconf 90' lang='lat' dir='ltr'>in</span> <span class='ocrx_word' id='word_1_150' title='bbox 297 1820 327 1858; x_wconf 87' lang='lat' dir='ltr'>sc</span> <span class='ocrx_word' id='word_1_151' title='bbox 350 1806 425 1858; x_wconf 86' lang='lat' dir='ltr'>teres</span> <span class='ocrx_word' id='word_1_152' title='bbox 449 1807 478 1859; x_wconf 90' lang='lat' dir='ltr'>et</span> <span class='ocrx_word' id='word_1_153' title='bbox 501 1804 678 1874; x_wconf 84' lang='lat' dir='ltr'>cataplasma</span> <span class='ocrx_word' id='word_1_154' title='bbox 706 1820 790 1872; x_wconf 89' lang='lat' dir='ltr'>super</span> <span class='ocrx_word' id='word_1_155' title='bbox 812 1801 980 1856; x_wconf 86' lang='lat' dir='ltr'>umbilicum</span> <span class='ocrx_word' id='word_1_156' title='bbox 1007 1821 1092 1858; x_wconf 86' lang='lat' dir='ltr'>mane</span> <span class='ocrx_word' id='word_1_157' title='bbox 1114 1806 1139 1858; x_wconf 88' lang='lat' dir='ltr'>et</span> 
     </span>
     <span class='ocr_line' id='line_1_20' title="bbox 124 1883 1138 1954; baseline -0.003 -15"><span class='ocrx_word' id='word_1_158' title='bbox 124 1902 185 1940; x_wconf 86' lang='lat' dir='ltr'>sero</span> <span class='ocrx_word' id='word_1_159' title='bbox 208 1900 258 1954; x_wconf 87' lang='lat' dir='ltr'>per</span> <span class='ocrx_word' id='word_1_160' title='bbox 286 1883 398 1952; x_wconf 88' lang='lat' dir='ltr'>aliquot</span> <span class='ocrx_word' id='word_1_161' title='bbox 426 1884 486 1939; x_wconf 88' lang='lat' dir='ltr'>dies</span> <span class='ocrx_word' id='word_1_162' title='bbox 517 1883 644 1954; x_wconf 90' lang='lat' dir='ltr'>impones</span> <span class='ocrx_word' id='word_1_163' title='bbox 673 1886 702 1938; x_wconf 90' lang='lat' dir='ltr'>et</span> <span class='ocrx_word' id='word_1_164' title='bbox 726 1883 766 1937; x_wconf 90' lang='lat' dir='ltr'>sic</span> <span class='ocrx_word' id='word_1_165' title='bbox 793 1885 939 1937; x_wconf 88' lang='lat' dir='ltr'>menstrua</span> <span class='ocrx_word' id='word_1_166' title='bbox 963 1883 1138 1951; x_wconf 84' lang='lat' dir='ltr'>provocabis.</span> 
     </span>
    </p>
   </div>
   <div class='ocr_carea' id='block_1_6' title="bbox 84 1961 1140 2260">
    <p class='ocr_par' dir='ltr' id='par_1_10' title="bbox 84 1961 1140 2260">
     <span class='ocr_line' id='line_1_21' title="bbox 84 1961 1140 2036; baseline -0.004 -16"><span class='ocrx_word' id='word_1_167' title='bbox 84 1981 110 2020; x_wconf 84' lang='lat' dir='ltr'>ao</span> <span class='ocrx_word' id='word_1_168' title='bbox 123 1965 250 2036; x_wconf 89' lang='lat' dir='ltr'>puleium</span> <span class='ocrx_word' id='word_1_169' title='bbox 274 1965 334 2019; x_wconf 89' lang='lat' dir='ltr'>sine</span> <span class='ocrx_word' id='word_1_170' title='bbox 359 1964 436 2018; x_wconf 84' lang='lat' dir='ltr'>fumo</span> <span class='ocrx_word' id='word_1_171' title='bbox 460 1967 510 2019; x_wconf 90' lang='lat' dir='ltr'>aut</span> <span class='ocrx_word' id='word_1_172' title='bbox 533 1963 624 2019; x_wconf 83' lang='lat' dir='ltr'>uiride</span> <span class='ocrx_word' id='word_1_173' title='bbox 646 1964 719 2018; x_wconf 87' lang='lat' dir='ltr'>bene</span> <span class='ocrx_word' id='word_1_174' title='bbox 742 1961 843 2016; x_wconf 92' lang='lat' dir='ltr'>tritum</span> <span class='ocrx_word' id='word_1_175' title='bbox 865 1978 930 2015; x_wconf 86' lang='lat' dir='ltr'>oum</span> <span class='ocrx_word' id='word_1_176' title='bbox 952 1978 1029 2029; x_wconf 87' lang='lat' dir='ltr'>aqua</span> <span class='ocrx_word' id='word_1_177' title='bbox 1052 1963 1140 2018; x_wconf 89' lang='lat' dir='ltr'>mulsa</span> 
     </span>
     <span class='ocr_line' id='line_1_22' title="bbox 124 2041 1140 2115; baseline -0.002 -15"><span class='ocrx_word' id='word_1_178' title='bbox 124 2044 219 2100; x_wconf 87' lang='lat' dir='ltr'>calida</span> <span class='ocrx_word' id='word_1_179' title='bbox 237 2045 319 2115; x_wconf 90' lang='lat' dir='ltr'>potui</span> <span class='ocrx_word' id='word_1_180' title='bbox 339 2045 415 2100; x_wconf 91' lang='lat' dir='ltr'>dato.</span> <span class='ocrx_word' id='word_1_181' title='bbox 439 2044 507 2099; x_wconf 87' lang='lat' dir='ltr'>lana</span> <span class='ocrx_word' id='word_1_182' title='bbox 525 2042 712 2099; x_wconf 82' lang='lat' dir='ltr'>mundissima</span> <span class='ocrx_word' id='word_1_183' title='bbox 725 2041 756 2096; x_wconf 91' lang='lat' dir='ltr'>in</span> <span class='ocrx_word' id='word_1_184' title='bbox 771 2059 837 2096; x_wconf 86' lang='lat' dir='ltr'>suco</span> <span class='ocrx_word' id='word_1_185' title='bbox 851 2041 991 2096; x_wconf 87' lang='lat' dir='ltr'>marrubii</span> <span class='ocrx_word' id='word_1_186' title='bbox 1008 2042 1140 2098; x_wconf 73' lang='grc'><strong>1010110-</strong></span> 
     </span>
     <span class='ocr_line' id='line_1_23' title="bbox 123 2120 1140 2194; baseline -0.003 -16"><span class='ocrx_word' id='word_1_187' title='bbox 123 2124 223 2178; x_wconf 86' lang='lat' dir='ltr'>misiae</span> <span class='ocrx_word' id='word_1_188' title='bbox 246 2123 369 2179; x_wconf 88' lang='lat' dir='ltr'>intincta</span> <span class='ocrx_word' id='word_1_189' title='bbox 392 2128 421 2178; x_wconf 90' lang='lat' dir='ltr'>ct</span> <span class='ocrx_word' id='word_1_190' title='bbox 441 2123 587 2194; x_wconf 87' lang='lat' dir='ltr'>supposita</span> <span class='ocrx_word' id='word_1_191' title='bbox 611 2139 738 2177; x_wconf 87' lang='lat' dir='ltr'>umorem</span> <span class='ocrx_word' id='word_1_192' title='bbox 761 2125 790 2176; x_wconf 88' lang='lat' dir='ltr'>ct</span> <span class='ocrx_word' id='word_1_193' title='bbox 816 2120 984 2190; x_wconf 86' lang='lat' dir='ltr'>sanguinem</span> <span class='ocrx_word' id='word_1_194' title='bbox 1008 2123 1140 2177; x_wconf 89' lang='lat' dir='ltr'>detrahit.</span> 
     </span>
     <span class='ocr_line' id='line_1_24' title="bbox 123 2201 785 2260; baseline 0.002 -4"><span class='ocrx_word' id='word_1_195' title='bbox 123 2204 168 2257; x_wconf 90' lang='lat' dir='ltr'>his</span> <span class='ocrx_word' id='word_1_196' title='bbox 188 2206 217 2258; x_wconf 91' lang='lat' dir='ltr'>et</span> <span class='ocrx_word' id='word_1_197' title='bbox 234 2203 403 2259; x_wconf 88' lang='lat' dir='ltr'>flebotomus</span> <span class='ocrx_word' id='word_1_198' title='bbox 422 2204 454 2258; x_wconf 90' lang='lat' dir='ltr'>in</span> <span class='ocrx_word' id='word_1_199' title='bbox 471 2205 531 2259; x_wconf 90' lang='lat' dir='ltr'>talo</span> <span class='ocrx_word' id='word_1_200' title='bbox 550 2207 626 2259; x_wconf 86' lang='lat' dir='ltr'>recte</span> <span class='ocrx_word' id='word_1_201' title='bbox 645 2201 785 2260; x_wconf 86' lang='lat' dir='ltr'>convenit.</span> 
     </span>
    </p>
   </div>
   <div class='ocr_carea' id='block_1_7' title="bbox 79 2307 1142 2538">
    <p class='ocr_par' dir='ltr' id='par_1_11' title="bbox 79 2307 1142 2538">
     <span class='ocr_line' id='line_1_25' title="bbox 324 2307 1007 2378; baseline -0.007 -14"><span class='ocrx_word' id='word_1_202' title='bbox 324 2311 358 2365; x_wconf 88' lang='lat' dir='ltr'>H.</span> <span class='ocrx_word' id='word_1_203' title='bbox 382 2311 428 2364; x_wconf 87' lang='lat' dir='ltr'>De</span> <span class='ocrx_word' id='word_1_204' title='bbox 447 2310 591 2364; x_wconf 91' lang='lat' dir='ltr'>muliere</span> <span class='ocrx_word' id='word_1_205' title='bbox 610 2307 818 2378; x_wconf 85' lang='lat' dir='ltr'>quactarde</span> <span class='ocrx_word' id='word_1_206' title='bbox 836 2307 937 2377; x_wconf 88' lang='lat' dir='ltr'>parit.</span> <span class='ocrx_word' id='word_1_207' title='bbox 1004 2354 1007 2359; x_wconf 77' lang='grc'><strong><em>,</em></strong></span> 
     </span>
     <span class='ocr_line' id='line_1_26' title="bbox 79 2383 1142 2459; baseline -0.001 -16"><span class='ocrx_word' id='word_1_208' title='bbox 79 2404 106 2444; x_wconf 80' lang='lat' dir='ltr'>aa</span> <span class='ocrx_word' id='word_1_209' title='bbox 198 2390 309 2444; x_wconf 82' lang='lat' dir='ltr'>Scribas</span> <span class='ocrx_word' id='word_1_210' title='bbox 328 2390 359 2443; x_wconf 93' lang='lat' dir='ltr'>in</span> <span class='ocrx_word' id='word_1_211' title='bbox 382 2390 482 2445; x_wconf 87' lang='lat' dir='ltr'>charta</span> <span class='ocrx_word' id='word_1_212' title='bbox 499 2406 571 2459; x_wconf 88' lang='lat' dir='ltr'>pura</span> <span class='ocrx_word' id='word_1_213' title='bbox 590 2389 625 2444; x_wconf 88' lang='lat' dir='ltr'>de</span> <span class='ocrx_word' id='word_1_214' title='bbox 643 2383 700 2444; x_wconf 74' lang='lat' dir='ltr'>ura</span> <span class='ocrx_word' id='word_1_215' title='bbox 722 2385 814 2441; x_wconf 84' lang='lat' dir='ltr'>tincta</span> <span class='ocrx_word' id='word_1_216' title='bbox 835 2385 920 2441; x_wconf 84' lang='lat' dir='ltr'>Casta</span> <span class='ocrx_word' id='word_1_217' title='bbox 938 2385 1004 2441; x_wconf 83' lang='lat' dir='ltr'>fave</span> <span class='ocrx_word' id='word_1_218' title='bbox 1027 2387 1142 2456; x_wconf 84' lang='lat' dir='ltr'>Lucina,</span> 
     </span>
     <span class='ocr_line' id='line_1_27' title="bbox 122 2467 1142 2538; baseline 0.001 -17"><span class='ocrx_word' id='word_1_219' title='bbox 122 2471 188 2522; x_wconf 88' lang='lat' dir='ltr'>tuus</span> <span class='ocrx_word' id='word_1_220' title='bbox 211 2469 269 2521; x_wconf 88' lang='lat' dir='ltr'>iam</span> <span class='ocrx_word' id='word_1_221' title='bbox 293 2472 395 2537; x_wconf 86' lang='lat' dir='ltr'>regnat</span> <span class='ocrx_word' id='word_1_222' title='bbox 413 2468 529 2537; x_wconf 84' lang='lat' dir='ltr'>Apollo,</span> <span class='ocrx_word' id='word_1_223' title='bbox 553 2470 582 2522; x_wconf 86' lang='lat' dir='ltr'>at</span> <span class='ocrx_word' id='word_1_224' title='bbox 606 2469 642 2522; x_wconf 93' lang='lat' dir='ltr'>de</span> <span class='ocrx_word' id='word_1_225' title='bbox 665 2467 732 2522; x_wconf 86' lang='lat' dir='ltr'>licio</span> <span class='ocrx_word' id='word_1_226' title='bbox 757 2467 856 2522; x_wconf 82' lang='lat' dir='ltr'>dextro</span> <span class='ocrx_word' id='word_1_227' title='bbox 878 2467 978 2522; x_wconf 82' lang='lat' dir='ltr'>femori</span> <span class='ocrx_word' id='word_1_228' title='bbox 998 2467 1142 2538; x_wconf 80' lang='lat' dir='ltr'>alligabis,</span> 
     </span>
    </p>
   </div>
   <div class='ocr_carea' id='block_1_8' title="bbox 119 2591 1144 3441">
    <p class='ocr_par' dir='ltr' id='par_1_12' title="bbox 119 2591 1144 3441">
     <span class='ocr_line' id='line_1_28' title="bbox 192 2591 1143 2661; baseline 0.005 -19"><span class='ocrx_word' id='word_1_229' title='bbox 192 2591 635 2659; x_wconf 77' lang='lat' dir='ltr'>8octauu(sc&#39;c)b‚octarianuma.</span> <span class='ocrx_word' id='word_1_230' title='bbox 674 2598 812 2646; x_wconf 81' lang='lat' dir='ltr'>12earum</span> <span class='ocrx_word' id='word_1_231' title='bbox 822 2591 951 2661; x_wconf 86' lang='lat' dir='ltr'>exempla</span> <span class='ocrx_word' id='word_1_232' title='bbox 960 2591 1143 2661; x_wconf 86' lang='lat' dir='ltr'>conscriptab</span> 
     </span>
     <span class='ocr_line' id='line_1_29' title="bbox 123 2662 1143 2735; baseline 0.001 -20"><span class='ocrx_word' id='word_1_233' title='bbox 123 2663 202 2727; x_wconf 76' lang='lat' dir='ltr'>(corr.</span> <span class='ocrx_word' id='word_1_234' title='bbox 222 2677 256 2714; x_wconf 82' lang='lat' dir='ltr'>ccc</span> <span class='ocrx_word' id='word_1_235' title='bbox 273 2664 312 2727; x_wconf 85' lang='lat' dir='ltr'>a).</span> <span class='ocrx_word' id='word_1_236' title='bbox 384 2663 413 2715; x_wconf 87' lang='lat' dir='ltr'>ct</span> <span class='ocrx_word' id='word_1_237' title='bbox 431 2677 467 2715; x_wconf 89' lang='lat' dir='ltr'>ea</span> <span class='ocrx_word' id='word_1_238' title='bbox 485 2679 539 2735; x_wconf 66' lang='lat' dir='ltr'>que</span> <span class='ocrx_word' id='word_1_239' title='bbox 559 2663 585 2717; x_wconf 89' lang='lat' dir='ltr'>d.</span> <span class='ocrx_word' id='word_1_240' title='bbox 606 2662 746 2718; x_wconf 86' lang='lat' dir='ltr'>addimus.</span> <span class='ocrx_word' id='word_1_241' title='bbox 768 2680 887 2733; x_wconf 87' lang='lat' dir='ltr'>quorum</span> <span class='ocrx_word' id='word_1_242' title='bbox 905 2662 1042 2732; x_wconf 86' lang='lat' dir='ltr'>exemplo.</span> <span class='ocrx_word' id='word_1_243' title='bbox 1063 2666 1093 2718; x_wconf 91' lang='lat' dir='ltr'>et</span> <span class='ocrx_word' id='word_1_244' title='bbox 1111 2666 1143 2717; x_wconf 87' lang='lat' dir='ltr'>tu</span> 
     </span>
     <span class='ocr_line' id='line_1_30' title="bbox 121 2729 1143 2803; baseline 0.005 -20"><span class='ocrx_word' id='word_1_245' title='bbox 121 2730 151 2783; x_wconf 91' lang='lat' dir='ltr'>in</span> <span class='ocrx_word' id='word_1_246' title='bbox 165 2729 356 2799; x_wconf 82' lang='lat' dir='ltr'>experimento</span> <span class='ocrx_word' id='word_1_247' title='bbox 376 2750 403 2801; x_wconf 96' lang='lat' dir='ltr'>p.</span> <span class='ocrx_word' id='word_1_248' title='bbox 424 2748 448 2787; x_wconf 88' lang='lat' dir='ltr'>a.</span> <span class='ocrx_word' id='word_1_249' title='bbox 468 2750 494 2788; x_wconf 85' lang='lat' dir='ltr'>a.</span> <span class='ocrx_word' id='word_1_250' title='bbox 550 2738 584 2787; x_wconf 83' lang='lat'>14</span> <span class='ocrx_word' id='word_1_251' title='bbox 601 2735 676 2790; x_wconf 78' lang='lat' dir='ltr'>rubr.</span> <span class='ocrx_word' id='word_1_252' title='bbox 696 2752 730 2790; x_wconf 85' lang='lat' dir='ltr'>ccc</span> <span class='ocrx_word' id='word_1_253' title='bbox 749 2737 798 2803; x_wconf 82' lang='lat' dir='ltr'>bo,</span> <span class='ocrx_word' id='word_1_254' title='bbox 819 2736 854 2789; x_wconf 89' lang='lat' dir='ltr'>de</span> <span class='ocrx_word' id='word_1_255' title='bbox 872 2732 1023 2788; x_wconf 88' lang='lat' dir='ltr'>menstruis</span> <span class='ocrx_word' id='word_1_256' title='bbox 1041 2751 1143 2803; x_wconf 82' lang='lat' dir='ltr'>proro-</span> 
     </span>
     <span class='ocr_line' id='line_1_31' title="bbox 121 2800 1143 2876; baseline 0.003 -21"><span class='ocrx_word' id='word_1_257' title='bbox 121 2800 219 2855; x_wconf 85' lang='lat' dir='ltr'>candis</span> <span class='ocrx_word' id='word_1_258' title='bbox 238 2819 263 2873; x_wconf 73' lang='grc'>9,</span> <span class='ocrx_word' id='word_1_259' title='bbox 355 2804 428 2858; x_wconf 83' lang='lat' dir='ltr'>addo</span> <span class='ocrx_word' id='word_1_260' title='bbox 447 2805 505 2873; x_wconf 76' lang='lat' dir='ltr'>ipsc</span> <span class='ocrx_word' id='word_1_261' title='bbox 522 2822 666 2861; x_wconf 72' lang='grc'><strong>0100101000</strong></span> <span class='ocrx_word' id='word_1_262' title='bbox 683 2807 811 2876; x_wconf 79' lang='lat' dir='ltr'>capitali.</span> <span class='ocrx_word' id='word_1_263' title='bbox 903 2811 937 2860; x_wconf 89' lang='grc'>16</span> <span class='ocrx_word' id='word_1_264' title='bbox 955 2805 1097 2859; x_wconf 87' lang='lat' dir='ltr'>murracio</span> <span class='ocrx_word' id='word_1_265' title='bbox 1116 2823 1143 2873; x_wconf 85' lang='lat' dir='ltr'>a,</span> 
     </span>
     <span class='ocr_line' id='line_1_32' title="bbox 120 2872 1143 2946; baseline 0.005 -21"><span class='ocrx_word' id='word_1_266' title='bbox 120 2872 252 2927; x_wconf 88' lang='lat' dir='ltr'>mirracio</span> <span class='ocrx_word' id='word_1_267' title='bbox 272 2875 301 2929; x_wconf 85' lang='lat' dir='ltr'>b:</span> <span class='ocrx_word' id='word_1_268' title='bbox 320 2873 436 2928; x_wconf 88' lang='lat' dir='ltr'>mirtino</span> <span class='ocrx_word' id='word_1_269' title='bbox 454 2893 479 2946; x_wconf 77' lang='lat' dir='ltr'>p.</span> <span class='ocrx_word' id='word_1_270' title='bbox 606 2875 676 2930; x_wconf 85' lang='lat' dir='ltr'>teris</span> <span class='ocrx_word' id='word_1_271' title='bbox 696 2879 725 2931; x_wconf 89' lang='lat' dir='ltr'>ct</span> <span class='ocrx_word' id='word_1_272' title='bbox 744 2876 879 2945; x_wconf 84' lang='lat' dir='ltr'>supponis</span> <span class='ocrx_word' id='word_1_273' title='bbox 899 2879 930 2944; x_wconf 82' lang='lat' dir='ltr'>t,</span> <span class='ocrx_word' id='word_1_274' title='bbox 949 2878 1010 2930; x_wconf 84' lang='lat' dir='ltr'>tere</span> <span class='ocrx_word' id='word_1_275' title='bbox 1029 2879 1059 2930; x_wconf 89' lang='lat' dir='ltr'>et</span> <span class='ocrx_word' id='word_1_276' title='bbox 1078 2893 1143 2944; x_wconf 91' lang='lat' dir='ltr'>sup·</span> 
     </span>
     <span class='ocr_line' id='line_1_33' title="bbox 120 2943 1144 3018; baseline 0.003 -20"><span class='ocrx_word' id='word_1_277' title='bbox 120 2961 194 3013; x_wconf 90' lang='lat' dir='ltr'>pone</span> <span class='ocrx_word' id='word_1_278' title='bbox 213 2964 242 3001; x_wconf 85' lang='lat' dir='ltr'>a:</span> <span class='ocrx_word' id='word_1_279' title='bbox 262 2943 332 2998; x_wconf 87' lang='lat' dir='ltr'>trita</span> <span class='ocrx_word' id='word_1_280' title='bbox 351 2947 381 3000; x_wconf 87' lang='lat' dir='ltr'>et</span> <span class='ocrx_word' id='word_1_281' title='bbox 400 2946 549 3015; x_wconf 84' lang='lat' dir='ltr'>supposita</span> <span class='ocrx_word' id='word_1_282' title='bbox 566 2965 592 3018; x_wconf 76' lang='lat' dir='ltr'>p.</span> <span class='ocrx_word' id='word_1_283' title='bbox 672 2952 705 3000; x_wconf 78' lang='lat'>17</span> <span class='ocrx_word' id='word_1_284' title='bbox 725 2947 813 3001; x_wconf 86' lang='lat' dir='ltr'>etiam</span> <span class='ocrx_word' id='word_1_285' title='bbox 832 2962 881 3000; x_wconf 85' lang='lat' dir='ltr'>om.</span> <span class='ocrx_word' id='word_1_286' title='bbox 901 2963 928 3000; x_wconf 86' lang='lat' dir='ltr'>a.</span> <span class='ocrx_word' id='word_1_287' title='bbox 1002 2949 1033 3001; x_wconf 89' lang='lat' dir='ltr'>et</span> <span class='ocrx_word' id='word_1_288' title='bbox 1050 2949 1144 3001; x_wconf 90' lang='lat' dir='ltr'>tumo-</span> 
     </span>
     <span class='ocr_line' id='line_1_34' title="bbox 119 3016 1143 3089; baseline 0.004 -21"><span class='ocrx_word' id='word_1_289' title='bbox 119 3032 179 3069; x_wconf 90' lang='lat' dir='ltr'>rem</span> <span class='ocrx_word' id='word_1_290' title='bbox 198 3034 224 3085; x_wconf 84' lang='grc' dir='ltr'>α,</span> <span class='ocrx_word' id='word_1_291' title='bbox 243 3018 273 3070; x_wconf 87' lang='lat' dir='ltr'>et</span> <span class='ocrx_word' id='word_1_292' title='bbox 290 3016 436 3071; x_wconf 92' lang='lat' dir='ltr'>humorem</span> <span class='ocrx_word' id='word_1_293' title='bbox 455 3021 470 3072; x_wconf 89' lang='lat' dir='ltr'>b</span> <span class='ocrx_word' id='word_1_294' title='bbox 477 3035 502 3089; x_wconf 83' lang='lat' dir='ltr'>p.</span> <span class='ocrx_word' id='word_1_295' title='bbox 522 3019 556 3086; x_wconf 78' lang='lat' dir='ltr'>cf.</span> <span class='ocrx_word' id='word_1_296' title='bbox 576 3035 600 3072; x_wconf 88' lang='grc'><strong>0.</strong></span> <span class='ocrx_word' id='word_1_297' title='bbox 614 3020 662 3072; x_wconf 77' lang='lat'>22.</span> <span class='ocrx_word' id='word_1_298' title='bbox 719 3020 753 3070; x_wconf 81' lang='lat'>18</span> <span class='ocrx_word' id='word_1_299' title='bbox 772 3016 803 3069; x_wconf 89' lang='lat' dir='ltr'>in</span> <span class='ocrx_word' id='word_1_300' title='bbox 822 3031 851 3069; x_wconf 89' lang='lat' dir='ltr'>se</span> <span class='ocrx_word' id='word_1_301' title='bbox 869 3031 921 3070; x_wconf 85' lang='lat' dir='ltr'>om.</span> <span class='ocrx_word' id='word_1_302' title='bbox 941 3019 965 3071; x_wconf 83' lang='lat' dir='ltr'>b.</span> <span class='ocrx_word' id='word_1_303' title='bbox 1003 3017 1072 3072; x_wconf 85' lang='lat' dir='ltr'>teris</span> <span class='ocrx_word' id='word_1_304' title='bbox 1087 3019 1143 3072; x_wconf 85' lang='lat' dir='ltr'>ba:</span> 
     </span>
     <span class='ocr_line' id='line_1_35' title="bbox 119 3085 1143 3167; baseline 0.003 -28"><span class='ocrx_word' id='word_1_305' title='bbox 119 3086 189 3140; x_wconf 88' lang='lat' dir='ltr'>trita</span> <span class='ocrx_word' id='word_1_306' title='bbox 207 3104 233 3158; x_wconf 82' lang='lat' dir='ltr'>p.</span> <span class='ocrx_word' id='word_1_307' title='bbox 315 3087 526 3158; x_wconf 90' lang='lat' dir='ltr'>cataplasmata</span> <span class='ocrx_word' id='word_1_308' title='bbox 542 3106 568 3159; x_wconf 81' lang='lat' dir='ltr'>p.</span> <span class='ocrx_word' id='word_1_309' title='bbox 673 3091 707 3139; x_wconf 82' lang='lat'>19</span> <span class='ocrx_word' id='word_1_310' title='bbox 725 3093 826 3154; x_wconf 79' lang='lat' dir='ltr'>ipones</span> <span class='ocrx_word' id='word_1_311' title='bbox 846 3088 918 3153; x_wconf 82' lang='lat' dir='ltr'>ott,</span> <span class='ocrx_word' id='word_1_312' title='bbox 938 3085 1043 3167; x_wconf 82' lang='lat' dir='ltr'>inpone</span> <span class='ocrx_word' id='word_1_313' title='bbox 1063 3090 1092 3142; x_wconf 91' lang='lat' dir='ltr'>ct</span> <span class='ocrx_word' id='word_1_314' title='bbox 1112 3107 1143 3142; x_wconf 88' lang='lat' dir='ltr'>a:</span> 
     </span>
     <span class='ocr_line' id='line_1_36' title="bbox 119 3158 1142 3300; baseline 0 -20"><span class='ocrx_word' id='word_1_315' title='bbox 119 3173 237 3283; x_wconf 43' lang='lat' dir='ltr'>birbaisb</span> <span class='ocrx_word' id='word_1_316' title='bbox 284 3158 519 3283; x_wconf 49' lang='lat' dir='ltr'>Sibghiussorbein</span> <span class='ocrx_word' id='word_1_317' title='bbox 537 3158 761 3283; x_wconf 46' lang='grc' dir='ltr'>1010Ρὲοῗιῖνιῖοεπ9Ι</span> <span class='ocrx_word' id='word_1_318' title='bbox 781 3231 815 3279; x_wconf 77' lang='grc'><strong>13</strong></span> <span class='ocrx_word' id='word_1_319' title='bbox 834 3161 879 3278; x_wconf 53' lang='lat' dir='ltr'>1125ss</span> <span class='ocrx_word' id='word_1_320' title='bbox 898 3158 1069 3300; x_wconf 36' lang='lat' dir='ltr'>{iamsecrlacyo</span> <span class='ocrx_word' id='word_1_321' title='bbox 1090 3177 1142 3230; x_wconf 53' lang='lat' dir='ltr'>aa:</span> 
     </span>
     <span class='ocr_line' id='line_1_37' title="bbox 121 3295 1143 3368; baseline 0.004 -19"><span class='ocrx_word' id='word_1_322' title='bbox 121 3295 255 3352; x_wconf 74' lang='lat' dir='ltr'>flebotoffr</span> <span class='ocrx_word' id='word_1_323' title='bbox 275 3301 299 3368; x_wconf 84' lang='lat' dir='ltr'>b,</span> <span class='ocrx_word' id='word_1_324' title='bbox 318 3299 492 3355; x_wconf 76' lang='lat' dir='ltr'>flebothomr&#39;r</span> <span class='ocrx_word' id='word_1_325' title='bbox 510 3316 536 3367; x_wconf 86' lang='grc' dir='ltr'>α,</span> <span class='ocrx_word' id='word_1_326' title='bbox 555 3314 652 3351; x_wconf 87' lang='lat' dir='ltr'>—mus</span> <span class='ocrx_word' id='word_1_327' title='bbox 670 3314 695 3368; x_wconf 80' lang='lat' dir='ltr'>p.</span> <span class='ocrx_word' id='word_1_328' title='bbox 768 3295 800 3349; x_wconf 90' lang='lat' dir='ltr'>in</span> <span class='ocrx_word' id='word_1_329' title='bbox 818 3297 870 3351; x_wconf 85' lang='lat' dir='ltr'>ba:</span> <span class='ocrx_word' id='word_1_330' title='bbox 891 3296 926 3350; x_wconf 86' lang='lat' dir='ltr'>de</span> <span class='ocrx_word' id='word_1_331' title='bbox 944 3315 969 3368; x_wconf 77' lang='lat' dir='ltr'>p.</span> <span class='ocrx_word' id='word_1_332' title='bbox 1026 3305 1061 3352; x_wconf 79' lang='lat'>24</span> <span class='ocrx_word' id='word_1_333' title='bbox 1080 3299 1143 3353; x_wconf 87' lang='lat' dir='ltr'>XII.</span> 
     </span>
     <span class='ocr_line' id='line_1_38' title="bbox 121 3367 1143 3441; baseline 0.006 -23"><span class='ocrx_word' id='word_1_334' title='bbox 121 3367 156 3419; x_wconf 91' lang='lat' dir='ltr'>de</span> <span class='ocrx_word' id='word_1_335' title='bbox 177 3368 273 3424; x_wconf 88' lang='lat' dir='ltr'>dolore</span> <span class='ocrx_word' id='word_1_336' title='bbox 292 3369 323 3423; x_wconf 90' lang='lat' dir='ltr'>in</span> <span class='ocrx_word' id='word_1_337' title='bbox 341 3373 426 3440; x_wconf 91' lang='lat' dir='ltr'>partu</span> <span class='ocrx_word' id='word_1_338' title='bbox 443 3388 468 3441; x_wconf 81' lang='lat' dir='ltr'>p.</span> <span class='ocrx_word' id='word_1_339' title='bbox 541 3371 733 3437; x_wconf 79' lang='lat' dir='ltr'>ao-p.841,a</span> <span class='ocrx_word' id='word_1_340' title='bbox 752 3382 802 3421; x_wconf 86' lang='lat' dir='ltr'>om.</span> <span class='ocrx_word' id='word_1_341' title='bbox 821 3384 846 3437; x_wconf 77' lang='lat' dir='ltr'>p.</span> <span class='ocrx_word' id='word_1_342' title='bbox 934 3372 969 3421; x_wconf 79' lang='grc'><strong>15</strong></span> <span class='ocrx_word' id='word_1_343' title='bbox 989 3368 1095 3423; x_wconf 84' lang='lat' dir='ltr'>Scribis</span> <span class='ocrx_word' id='word_1_344' title='bbox 1118 3372 1143 3437; x_wconf 83' lang='lat' dir='ltr'>b,</span> 
     </span>
    </p>
   </div>
   <div class='ocr_carea' id='block_1_9' title="bbox 121 3446 1139 3591">
    <p class='ocr_par' dir='ltr' id='par_1_13' title="bbox 121 3446 1139 3591">
     <span class='ocr_line' id='line_1_39' title="bbox 121 3446 1139 3525; baseline 0.007 -21"><span class='ocrx_word' id='word_1_345' title='bbox 121 3452 217 3508; x_wconf 89' lang='lat' dir='ltr'>Scribe</span> <span class='ocrx_word' id='word_1_346' title='bbox 236 3474 262 3511; x_wconf 87' lang='lat' dir='ltr'>a.</span> <span class='ocrx_word' id='word_1_347' title='bbox 315 3457 350 3512; x_wconf 89' lang='lat' dir='ltr'>de</span> <span class='ocrx_word' id='word_1_348' title='bbox 369 3446 410 3511; x_wconf 86' lang='lat' dir='ltr'>uii</span> <span class='ocrx_word' id='word_1_349' title='bbox 428 3460 451 3524; x_wconf 86' lang='lat' dir='ltr'>b,</span> <span class='ocrx_word' id='word_1_350' title='bbox 470 3456 569 3510; x_wconf 78' lang='lat' dir='ltr'>Denuo.</span> <span class='ocrx_word' id='word_1_351' title='bbox 584 3455 718 3525; x_wconf 86' lang='lat' dir='ltr'>(.stincta)</span> <span class='ocrx_word' id='word_1_352' title='bbox 736 3471 761 3510; x_wconf 83' lang='lat' dir='ltr'>a.</span> <span class='ocrx_word' id='word_1_353' title='bbox 824 3459 858 3509; x_wconf 80' lang='lat'>26</span> <span class='ocrx_word' id='word_1_354' title='bbox 877 3454 935 3508; x_wconf 89' lang='lat' dir='ltr'>iam</span> <span class='ocrx_word' id='word_1_355' title='bbox 953 3459 1054 3525; x_wconf 88' lang='lat' dir='ltr'>regnat</span> <span class='ocrx_word' id='word_1_356' title='bbox 1073 3460 1139 3511; x_wconf 90' lang='lat' dir='ltr'>tuus</span> 
     </span>
     <span class='ocr_line' id='line_1_40' title="bbox 121 3521 1022 3591; baseline 0.008 -18"><span class='ocrx_word' id='word_1_357' title='bbox 121 3521 216 3591; x_wconf 86' lang='lat' dir='ltr'>apollo</span> <span class='ocrx_word' id='word_1_358' title='bbox 231 3545 256 3580; x_wconf 87' lang='lat' dir='ltr'>a.</span> <span class='ocrx_word' id='word_1_359' title='bbox 331 3528 366 3580; x_wconf 87' lang='lat' dir='ltr'>de</span> <span class='ocrx_word' id='word_1_360' title='bbox 385 3529 416 3582; x_wconf 85' lang='lat' dir='ltr'>b:</span> <span class='ocrx_word' id='word_1_361' title='bbox 437 3544 500 3580; x_wconf 89' lang='lat' dir='ltr'>cum</span> <span class='ocrx_word' id='word_1_362' title='bbox 519 3545 544 3581; x_wconf 88' lang='grc' dir='ltr'>α.</span> <span class='ocrx_word' id='word_1_363' title='bbox 616 3526 760 3582; x_wconf 78' lang='lat' dir='ltr'>Laertam</span> <span class='ocrx_word' id='word_1_364' title='bbox 778 3523 808 3578; x_wconf 89' lang='lat' dir='ltr'>in</span> <span class='ocrx_word' id='word_1_365' title='bbox 828 3525 854 3580; x_wconf 90' lang='lat' dir='ltr'>d.</span> <span class='ocrx_word' id='word_1_366' title='bbox 873 3525 979 3580; x_wconf 86' lang='lat' dir='ltr'>femore</span> <span class='ocrx_word' id='word_1_367' title='bbox 997 3544 1022 3580; x_wconf 84' lang='lat' dir='ltr'>a.</span> 
     </span>
    </p>
   </div>
   <div class='ocr_carea' id='block_1_10' title="bbox 0 0 1200 3922">
    <p class='ocr_par' dir='ltr' id='par_1_14' title="bbox 0 0 1200 3922">
     <span class='ocr_line' id='line_1_41' title="bbox 0 0 1200 3922; baseline 0 0"><span class='ocrx_word' id='word_1_368' title='bbox 0 0 1200 3922; x_wconf 95' lang='lat' dir='ltr'> </span> 
     </span>
    </p>
   </div>
  </div>
 </body>
</html>
