2392 3922
72 173 138 239 372
297 172 576 225 surmorsmmr
592 166 864 223 Bnuxnnnnusn.

73 342 109 403 ad
132 341 260 401 faucium
283 344 416 398 tumores
440 337 543 416 aforis,
567 335 603 396 ad
626 334 769 416 scabiem,
798 335 843 396 ad·
859 336 1028 417 ragadium,
1051 335 1087 396 ad

73 426 275 491 exochadium.

160 518 246 576 cuius
269 514 476 575 medicaminis
499 515 675 592 compositio
697 512 766 574 talis
787 520 842 573 est.
867 531 954 574 cerac
978 513 1087 574 rubeae

73 613 102 666 ct
121 622 206 664 cerae
224 605 361 682 ponticae
380 602 471 663 libras
490 601 631 683 singulm,
654 603 831 681 opopanacis
853 603 915 663 unc
932 601 968 664 ll.
990 603 1087 663 oleum

73 701 171 754 autem
199 692 408 752 secundarium
437 693 667 770 pinguissimum
697 698 814 752 tantum
843 693 965 753 mittero
989 691 1117 772 debesa

74 789 107 843 ut
133 783 284 861 pigmenta
311 787 457 858 tegantur.
485 779 614 840 resoluta
641 782 673 839 in
701 780 809 840 cacabo
836 779 949 841 mundo
978 780 1086 842 celabis

75 880 105 932 et
128 871 164 931 ad
189 889 278 949 supra
301 875 463 929 memorata
486 871 588 928 uteris.

23 960 66 1024 30
164 958 397 1039 Diahcrpyllu
420 975 574 1035 acopum.
607 956 775 1038 serpillum,
798 958 918 1019 faenum
941 975 1087 1039 graecum,

75 1051 158 1111 iunci
180 1048 306 1128 radices,
329 1049 406 1106 roris
428 1048 536 1106 marini
558 1045 648 1106 libras
673 1047 811 1126 singulas.
839 1047 913 1107 haec
936 1049 1037 1107 omnia
1059 1049 1087 1106 in

76 1141 137 1199 vini
164 1139 274 1197 veteris
298 1134 468 1196 sextariisV
486 1135 582 1195 inlusa
602 1136 662 1194 sint
680 1135 785 1196 dicbus
803 1134 836 1216 V,
858 1135 908 1195 die
927 1142 1013 1196 sexto
1033 1135 1117 1196 oleiu

78 1227 175 1288 sabini
189 1227 283 1286 mittis
303 1226 447 1284 sextarios
466 1225 606 1303 quinque.
626 1223 688 1284 leni
710 1224 775 1285 loco
794 1226 969 1304 impositum
988 1242 1024 1284 co
1043 1243 1088 1285 us-

78 1333 136 1396 quc
169 1317 307 1392 coquitur
337 1319 370 1373 ut
397 1314 499 1372 vinum
531 1312 710 1373 absumatur.
742 1319 846 1392 postca
877 1315 974 1373 mittis
1006 1331 1088 1373 cerac

77 1405 214 1482 ponticae
249 1403 351 1460 uncias
370 1399 458 1461 Xllll.
481 1402 551 1461 facit
579 1409 677 1462 autcm
705 1400 886 1482 podagricis,
918 1402 1089 1482 arthriticis,

79 1493 180 1570 spinae
204 1488 312 1567 dolori,
342 1491 471 1548 sciaticis
504 1489 642 1550 omnibus
665 1491 790 1551 mirifice
813 1490 944 1569 prodest.
974 1498 1005 1551 ct
1032 1490 1090 1551 dia-

79 1581 168 1639 citriu
192 1595 316 1655 acopum
340 1576 375 1636 ad
399 1576 456 1636 hoc
479 1577 556 1637 lacit.
1101 1593 1120 1636 u

27 1668 67 1732 31
167 1666 346 1726 biacitriu
369 1682 524 1743 acopum.
549 1669 634 1726 cuius
659 1669 805 1728 confectio
827 1667 896 1728 talis
916 1675 971 1729 cst.
994 1671 1027 1728 in
1046 1687 1090 1730 ca·

80 1756 151 1817 cabo
180 1772 272 1833 aquae
296 1755 437 1814 ferventis
465 1754 624 1832 deponitur
650 1757 706 1816 alia
730 1755 847 1818 ollicula
870 1774 967 1838 aerea,
990 1760 1033 1818 ita
1055 1775 1091 1817 ne

80 1866 155 1925 aqua
177 1844 238 1905 illic
257 1846 349 1903 intret
367 1842 510 1903 olliculae.
535 1846 584 1904 cui
606 1843 679 1906 haec
697 1844 842 1905 mittenda
865 1852 942 1906 sunt.
967 1848 1092 1906 citreum

81 1971 174 2031 viride
194 1968 342 2049 acerbum,
365 1967 529 2047 peucedani
547 1968 651 2029 viridis
665 1941 684 2047 f)
699 1968 720 2049 l,
740 1968 798 2028 olei
812 1967 909 2029 sabini
923 1972 1048 2040 sextarii
1060 1969 1092 2030 Π.

82 2059 137 2120 ειι1
160 2061 225 2138 ipsa
248 2058 295 2118 dic
320 2055 409 2117 simul
431 2063 608 2138 coquuntur,
636 2076 725 2136 supra
749 2058 895 2118 servorem
918 2077 1013 2137 aquae
1037 2060 1124 2120 ser-so

81 2151 177 2209 ventis
205 2154 239 2208 ut
266 2145 383 2206 ollicula
410 2145 553 2207 habeatur
579 2145 633 2206 ubi
659 2148 785 2206 citreum
813 2165 880 2206 cum
908 2150 1017 2208 ceteris
1042 2156 1093 2209 cst.

82 2244 238 2316 postquam
265 2236 338 2296 haec
366 2235 487 2295 decocta
514 2235 638 2316 luerint,
666 2234 763 2295 oleum
790 2235 904 2295 colatur
931 2238 963 2296 in
987 2238 1094 2298 cacabo

83 2334 112 2385 et
135 2326 263 2403 desuper
290 2325 420 2384 mittitur
448 2342 532 2383 cerac
560 2327 696 2402 ponticae
719 2322 761 2384 lib
779 2323 800 2383 l.
834 2326 961 2402 agitatur
986 2345 1094 2405 quous·

83 2432 140 2492 que
169 2412 298 2472 solvatur
325 2431 401 2472 cera.
434 2413 601 2472 confectum
628 2415 660 2472 in
687 2431 737 2472 vas
769 2414 897 2473 vitreum
924 2422 1095 2493 reponatur.

82 2503 152 2561 iacit
175 2501 211 2560 ad
235 2518 269 2559 ea
292 2518 367 2578 quae
391 2505 421 2558 ct
439 2499 651 2582 diahorpyllou,
674 2501 704 2561 id
723 2508 769 2561 cst
786 2501 963 2582 podagricis,
988 2505 1128 2565 arthri-ss

83 2590 160 2668 ticis,
184 2590 284 2666 spinae
309 2586 414 2667 dolori,
438 2595 468 2647 et
491 2590 628 2649 sciaticis

31 2678 72 2742 32
172 2676 209 2735 ln
233 2693 316 2736 aure
339 2674 467 2736 vulnus
493 2679 518 2736 si
541 2678 640 2760 luerit,
663 2680 785 2739 exca'vas
808 2679 917 2740 malum
940 2689 1097 2759 granatum

85 2774 114 2826 ct
132 2767 225 2825 mittis
243 2763 304 2823 illic
320 2782 442 2843 myrran
460 2767 575 2844 picsten
595 2767 654 2827 mel
674 2775 704 2828 et
721 2774 838 2828 acetum
857 2776 887 2829 et
909 2769 945 2829 ad
964 2773 1098 2848 cynisam

85 2857 195 2934 coquis.
225 2872 261 2913 ex
284 2871 319 2912 eo
346 2855 440 2913 mittis
462 2856 597 2933 tepidum
624 2875 679 2935 per
706 2856 809 2917 lolium
837 2857 913 2918 lauri
939 2865 991 2918 aut
1014 2869 1097 2920 oten-

86 2944 200 3023 chytcn.
225 2950 314 3002 sanat.
339 2941 389 3002 alii
411 2961 465 3022 pro
489 2962 590 3004 murra
614 2945 790 3004 afronitrum
812 2948 941 3006 mittunt.
1110 2961 1131 3003 co

157 3113 319 3184 tpomicbe
337 3113 373 3168 Β.
429 3112 670 3196 8Diaherpillum
688 3112 724 3167 B.
780 3117 812 3165 11
832 3113 892 3168 leui
910 3117 945 3171 Β.
993 3124 1028 3172 13
1047 3138 1098 3188 pu-

86 3185 176 3239 micae
196 3186 267 3253 (lu'c)
286 3186 323 3239 Β
407 3189 441 3238 14
460 3183 584 3239 sciaticis
601 3184 630 3237 Β
648 3185 693 3252 (cf.
713 3181 772 3236 scic
790 3186 836 3253 19)
852 3202 906 3254 pro
924 3138 1098 3247 ischiadicis.

88 3262 121 3310 14
140 3259 197 3325 (16)
216 3254 378 3310 diacitrium
395 3256 432 3309 Β.
506 3261 538 3309 15
553 3255 590 3309 ad
607 3255 817 3322 hoc-acopum
835 3256 863 3310 Β
881 3263 944 3321 (om.
962 3262 1003 3316 ed
1003 3266 1026 3325 )

87 3331 119 3379 21
140 3329 173 3380 ut
191 3343 241 3382 ora.
260 3328 300 3382 cd.
382 3331 417 3379 23
436 3325 568 3395 ponticae
582 3327 632 3391 (cic
649 3326 698 3380 boc
716 3325 785 3391 loco)
804 3324 842 3379 Β
932 3334 966 3381 21
986 3331 1100 3387 diahcr·

87 3396 178 3463 pillon
195 3398 232 3452 Β.
305 3402 339 3452 28
357 3413 481 3466 numum
497 3396 611 3464 piasten
627 3396 656 3450 Β
675 3399 720 3466 (a
736 3396 841 3477 στακτή
857 3399 892 3465 cf
911 3399 1005 3457 Diosc.
1021 3410 1049 3472 1,
1063 3407 1102 3459 77

87 3469 160 3520 wude
177 3484 258 3522 suum
276 3469 357 3525 ducit
375 3469 415 3523 cd
434 3465 624 3536 pediasimos).
722 3465 760 3519 ad
778 3467 906 3536 cynisam
922 3472 985 3538 (sic)
1002 3474 1032 3527 Β
1051 3477 1100 3545 (ad

90 3535 240 3592 dimidium
255 3540 316 3608 cd..)
399 3544 433 3592 22
434 3486 674 3605 MothontytonB
764 3537 851 3593 mirra
869 3540 905 3594 Β.
986 3573 988 3577 -
