2392 3922
133 194 201 262 254
451 162 838 252 resonomrmscmm

133 370 164 423 et
186 370 268 424 aceto
293 365 319 423 si
342 363 490 423 odoratur.
537 365 678 424 excorio
710 363 815 433 frontis
843 364 919 423 asini
949 363 1024 427 facta
1052 360 1145 421 veluti

133 451 254 512 fasciola
282 469 386 512 eorum
414 451 533 512 articuli
560 452 782 531 constringendi
805 459 882 533 sunt,
905 451 1057 512 et-dextri
1079 452 1151 510 eius·

131 539 218 619 pedis
240 539 367 619 ungulae
385 547 520 620 portatus
539 540 668 601 circulus
686 543 750 620 pari
769 541 943 601 condicione
966 537 1144 600 medebitur.

132 631 247 690 interea
274 631 411 709 caprinas
443 636 514 690 tunc
547 629 749 690 tantummodo
782 647 886 690 carnes
919 626 1159 690 comedentibus·

88 717 315 778 ·⁶camelorum
341 717 471 779 medulla
499 718 563 779 oleo
595 736 682 779 roseo
709 719 839 779 resoluta
871 725 1005 797 tempora
1038 719 1144 796 capitis

132 799 302 868 stomachus
327 814 357 867 et
374 813 470 868 totum
488 815 593 887 pectus
615 808 767 868 matutinis
789 807 873 867 horls
895 804 1145 886 perunguendum

131 902 186 956 est.
233 913 270 956 ex
294 898 436 975 sanguine
464 895 657 957 mustelarum
683 892 868 975 unguentum
891 914 926 956 eo
949 895 1037 955 modo
1062 895 1146 955 adhi-

130 983 227 1046 bitum
254 1002 309 1064 par
340 974 490 1064 praestitit
516 983 702 1046 beneficium.
753 987 886 1065 inipsis
916 1003 986 1045 vero
1015 1002 1147 1044 commo-

131 1070 274 1154 tionibus,
298 1075 325 1132 si
348 1074 522 1152 sanguinem
545 1072 582 1134 de
606 1077 670 1135 eius
692 1072 803 1155 pedum
821 1073 922 1154 digitis
946 1074 1047 1135 elicias
1071 1092 1146 1152 quo-

92 1173 118 1215 10
132 1180 191 1240 quo
210 1168 305 1242 pacto,
329 1165 443 1223 eteius
462 1160 593 1223 frontem
609 1181 645 1223 ex
664 1181 700 1223 eo
718 1170 821 1243 tangas
845 1170 874 1224 et
892 1161 978 1244 labia,
1001 1164 1147 1223 continuo

132 1257 280 1330 exsurget.
326 1257 398 1311 tunc
422 1253 511 1311 etiam
534 1253 610 1311 asinl
633 1251 705 1312 lotio
729 1254 846 1332 aspergi
869 1253 1032 1313 conveniet.
1094 1254 1097 1261 '

100 1336 119 1400 7
220 1338 295 1399 addo
323 1340 451 1421 interea,
474 1338 552 1418 quod
575 1339 625 1400 llle
649 1342 691 1400 ait
714 1343 741 1400 si
767 1341 841 1414 mihi
863 1341 907 1401 las
930 1341 1028 1402 audita
1053 1339 1149 1420 loqui),

39 1485 44 1494 ,
130 1426 210 1506 quod
237 1430 402 1488 necessitas
429 1428 631 1507 procurandae
665 1430 800 1489 sanitatis
833 1436 1005 1510 extorquet,
1039 1428 1144 1489 eodem

129 1515 202 1576 lotio
230 1517 308 1576 asini
338 1518 434 1595 potari
461 1533 512 1576 eos
536 1513 658 1596 debere,
689 1523 719 1576 et
746 1516 940 1577 hirundinum
968 1520 1144 1595 sanguinem

89 1615 199 1665 1⁵cum
225 1607 302 1665 turis
329 1603 451 1664 masculi
477 1602 599 1683 pulvere
626 1621 720 1682 aequa
747 1603 803 1664 sub
830 1604 1046 1682 ponderatione
1075 1625 1146 1666 eum

130 1692 259 1773 oxymeli
286 1692 424 1753 similiter
451 1696 575 1761 sumere.
615 1693 659 1751 sic
690 1690 742 1751 alii
773 1694 936 1752 veteriores
970 1692 1026 1752 sub
1059 1702 1145 1753 certo

72 1826 76 1833 ·
97 1774 100 1779 ’
131 1789 246 1843 secreto
270 1789 391 1842 naturae
410 1787 533 1860 excepto
552 1781 648 1859 capite
668 1786 698 1840 et
715 1779 840 1858 pedibus
860 1787 974 1841 ceteras
995 1782 1147 1841 mustelae>

96 1864 325 1951 ''reliquiarum
338 1877 437 1950 partes
457 1871 590 1949 eorporis
609 1867 788 1950 obtulerunt,
811 1886 847 1928 ex
866 1870 953 1929 cuius
970 1868 1031 1929 cibi
1047 1867 1138 1928 benc-

129 1960 197 2021 ficio
216 1959 382 2021 molestiam
398 1961 546 2039 passionis
565 1959 806 2038 frequentissime
824 1956 1017 2018 declinarunt.
1049 1956 1143 2016 aliud„

88 2060 115 2101 2⁰
128 2048 225 2109 mulsa
248 2050 388 2108 viniacri
407 2048 490 2109 horis
509 2050 662 2109 matutinis
681 2048 748 2108 data
769 2044 873 2107 diebus
889 2044 970 2106 XXX
988 2046 1140 2106 continuis

127 2137 313 2217 profuerunt.
354 2139 421 2216 pari
438 2138 533 2198 lorma
556 2139 648 2198 etiam
671 2156 707 2198 ex
730 2143 806 2197 testa
823 2127 945 2197 'cerebri
965 2136 1040 2195 asini
1059 2151 1138 2194 com-

127 2225 215 2287 busta
237 2227 313 2286 einis
332 2223 418 2286 datus
437 2227 557 2306 profuit.
599 2229 643 2287 sic
661 2225 793 2286 althaeae
808 2242 904 2306 sucus,
923 2226 966 2285 sic
985 2222 1143 2302 coagulum

127 2314 239 2395 leporis
262 2316 294 2374 in
319 2313 442 2374 modum
470 2318 555 2394 grani
584 2316 647 2375 ervi
673 2333 728 2394 per
752 2315 815 2376 dies
838 2313 917 2375 XXX
939 2315 1141 2373 ministratum

79 2426 84 2437 ·
126 2402 210 2475 horis
232 2404 387 2465 matutinis
406 2402 612 2482 epilempticos
635 2402 780 2487 liberavit.
821 2421 890 2464 nam
913 2410 942 2463 et
964 2400 1142 2463 mulieribus

87 2490 383 2552 2⁵menstruantibus
405 2490 462 2552 hoc
484 2494 557 2551 vitio
581 2489 784 2551 laborantibus
808 2494 888 2553 coire
912 2493 1074 2552 conveniet.

198 2712 262 2770 lsi:
272 2713 313 2767 sio
322 2714 358 2769 B.
415 2712 546 2769 excorio:
556 2714 590 2780 of.
601 2713 769 2783 1112111124.
833 2720 850 2767 4
865 2730 938 2782 cepr.
955 2729 1050 2768 carnee
1060 2708 1140 2770 debet

125 2786 208 2840 etiam
217 2785 429 2854 Peucestes.
484 2783 674 2854 otim'poreB.
719 2785 1145 2856 reomodopcquosepraffls
1186 2832 1188 2837 ⁴

119 2855 271 2911 commode
288 2856 361 2911 Nea
488 2861 504 2910 9
523 2855 558 2909 de
576 2854 636 2909 eius
655 2856 687 2909 io
704 2871 759 2910 ros.
779 2856 814 2927 R.
838 2861 885 2911 eet.
905 2856 941 2922 cf.
960 2856 1040 2912 Alex.
1055 2875 1085 2927 p.
1102 2862 1139 2915 79

127 2927 214 2997 (Plio.
228 2931 276 2996 28,
293 2927 349 2997 43).
444 2930 476 2980 11
496 2925 605 2992 exurgit
622 2926 651 2979 B
664 2926 765 2996 (Nem).
859 2931 891 2979 12
910 2924 959 2979 ille
977 2943 1013 2982 ae.
1038 2928 1138 2999 Vergil.

125 3002 197 3054 Aen.
212 3003 240 3068 6,
252 3002 308 3054 266
322 2996 371 3067 (sit
387 2996 459 3051 mihi
476 2999 544 3067 etc).
647 3001 681 3049 14
699 2996 751 3052 hir.
771 3001 849 3066 sang.
870 2996 947 3051 Plio.
962 3000 1008 3065 30,
1021 3004 1079 3070 91.Ι

30 3115 36 3133 ,
127 3074 162 3124 15
179 3084 272 3139 aequa
289 3067 341 3123 snb
358 3062 398 3124 B:
422 3067 474 3122 sub
493 3083 585 3136 aequa.
604 3067 672 3122 Neu.
745 3072 779 3121 16
798 3066 928 3121 oximelle
946 3067 981 3123 Β.
1056 3076 1089 3122 17
1108 3071 1138 3124 et

126 3132 168 3197 B:
188 3156 221 3195 ao
238 3140 311 3196 Neo.
423 3138 573 3194 mustellae
590 3136 773 3207 reliquiarum
786 3139 826 3193 B:
845 3137 982 3193 mustelae
999 3138 1136 3208 reliquias

127 3209 1136 3337 erasmianamtisttrtntmmsest

125 3352 202 3407 acria
219 3351 519 3423 BNme‘multuma
546 3348 638 3423 Neo)
726 3349 846 3422 triginta
863 3351 935 3407 Nee.
1006 3358 1052 3405 ·21
1072 3352 1136 3421 pari

123 3440 158 3478 se.
178 3423 264 3479 mulsi
282 3426 328 3494 (ef.
346 3423 425 3479 Plio.
438 3427 486 3491 28,
504 3428 572 3479 225.
592 3424 674 3478 etiem
691 3423 770 3478 Alex.
785 3425 887 3493 1282).
960 3428 993 3476 22
1009 3423 1083 3477 altee
1097 3424 1134 3476 B.

123 3505 202 3564 soeg.
217 3494 236 3550 l.
252 3496 334 3553 babet
350 3496 432 3551 diem
446 3494 544 3565 Gorip.
560 3494 577 3549 l.
592 3511 614 3567 e.
629 3496 687 3564 (qui
704 3495 784 3550 addit
799 3495 944 3565 expertum
958 3495 1018 3563 est).
1038 3496 1072 3560 cf.
1088 3493 1139 3549 Pl..

119 3569 171 3634 28,
185 3569 253 3624 224.
357 3570 392 3619 23
409 3563 481 3622 ei'vi:
500 3564 580 3621 orobi
602 3565 669 3621 Gar.
790 3569 824 3618 25
841 3563 938 3635 Garip.
950 3567 1010 3634 (qui
1028 3566 1145 3621 diverso·
