2392 3922
435 178 705 233 ADDITAMENTA.
1012 176 1076 241 341

53 338 174 388 etcum
196 334 281 389 enixa
298 335 398 404 fuerit,
422 336 520 390 statim
544 335 643 391 solves.
672 338 787 390 namet
810 335 892 390 radix
915 336 1079 405 cyclaminis

55 414 161 468 dextra
184 431 272 468 manu
293 415 479 485 parturientis
507 418 588 470 tenta
613 415 746 470 mulieres
772 415 833 470 sine
861 416 957 471 dolore
980 433 1079 485 parere

55 493 147 564 cogit,
168 497 198 548 et
218 495 285 548 dum
304 495 388 550 enixa
406 495 501 565 fuerit,
520 512 586 549 mox
605 512 668 550 eam
687 494 822 550 dimittat.

130 573 209 629 item.
239 574 264 627 si
286 575 389 630 mulier
411 575 442 629 in
469 577 554 644 partu
581 574 707 645 laborat,
730 576 871 630 verbenae
896 592 993 629 sucum
1017 593 1081 629 cum

55 671 134 723 aqua
152 653 360 724 frigide‘pctui
380 656 461 724 dato,
485 657 514 709 et
534 655 632 709 statim
649 655 750 724 pariet.
780 654 804 708 si
823 657 919 709 autem
937 672 995 709 non
1014 669 1106 724 pur-e

56 737 159 804 gater,
184 734 285 788 eadem
308 734 418 789 ratione
443 736 525 804 dato,
551 738 580 790 et
605 735 723 789 celerius
745 735 922 805 purgabitur.
949 735 1026 789 idem
1045 736 1081 790 de

57 813 224 868 artemisiae
243 831 310 868 succ
328 814 426 870 facito.
454 832 523 868 nam
541 817 570 869 et
589 818 683 869 rutam
701 815 822 869 viridem
839 815 886 870 vel
904 814 1032 884 puleium
1049 815 1080 869 in

57 895 141 947 nocte
162 909 247 961 super
264 891 376 960 pectine
396 892 421 946 si
439 897 536 961 ponat.
559 897 589 949 et
606 894 700 949 infans
720 896 787 949 dum
805 898 889 950 natus
908 895 1002 964 fuerit,
1022 894 1079 949 cito

55 989 114 1027 non
132 971 268 1040 tollatur,
292 971 348 1026 nisi
370 971 474 1026 mulier
492 975 630 1028 secundas
653 973 792 1044 emiserit,
817 976 846 1028 et
864 973 930 1029 ideo
949 973 979 1027 in
997 973 1080 1026 indu-

57 1055 155 1106 mento
176 1067 227 1106 seu
244 1051 326 1106 molli
344 1051 428 1107 faeno
446 1052 493 1106 rel
511 1053 596 1122 palca
614 1053 715 1108 mulier
732 1054 844 1124 pariat,
862 1069 898 1108 ne
916 1052 1011 1107 infans
1030 1051 1079 1120 qui
1093 1070 1120 1108 10

57 1131 188 1186 nascitur
206 1130 296 1200 frigus
316 1131 430 1186 sentiat.
877 1175 879 1180 ,
906 1175 909 1180 -

129 1211 210 1266 Item.
226 1210 346 1266 -scribes
365 1211 396 1265 in
415 1212 515 1266 charta
532 1230 613 1282 pura,
633 1213 731 1266 dextro
750 1211 851 1266 femori
870 1210 1005 1280 alligabis
1024 1211 1079 1265 He-

58 1291 166 1346 lisabet
193 1290 305 1360 peperit
326 1291 482 1346 Iohannem
500 1291 546 1347 bb.
572 1293 650 1362 aperi
673 1296 702 1346 te
725 1294 818 1346 mater
839 1289 891 1346 illa
915 1290 988 1359 eius,
1012 1290 1080 1358 quia

58 1387 163 1425 nomen
181 1370 253 1426 facit
271 1387 345 1440 quae
358 1372 490 1443 parturit,
510 1374 540 1426 et
558 1372 656 1427 emitte
671 1389 706 1426 cx
719 1376 749 1427 te
764 1372 903 1441 pecudem
917 1372 951 1426 de
966 1370 1080 1425 homine

58 1454 195 1506 creatum.
1094 1469 1119 1510 15

111 1530 191 1584 item.
221 1529 363 1584 coriandri
381 1547 472 1600 grana
489 1532 529 1585 XI
546 1533 593 1588 vel
612 1533 677 1586 XIII
700 1532 731 1585 in
749 1531 839 1587 linteo
858 1547 932 1586 novo
952 1531 1081 1602 obligata

58 1627 128 1678 puer
147 1611 199 1664 aut
217 1609 314 1678 puella
328 1610 447 1665 investis
467 1613 504 1665 ad
524 1611 671 1682 inguinem
685 1611 831 1666 sinistrum
845 1613 950 1681 teneat,
970 1613 1000 1665 et
1014 1611 1081 1664 dum

60 1689 144 1743 enixa
163 1688 259 1759 fucrit,
278 1689 371 1760 tolles,
391 1707 426 1744 ne
445 1690 583 1746 intestina
603 1694 765 1760 sequantur.

129 1769 209 1824 item.
239 1769 278 1824 ad
294 1769 451 1839 periculum
471 1770 495 1824 si
514 1771 625 1826 venerit
643 1787 752 1826 moram
769 1770 891 1840 faciens,
911 1772 940 1825 et
957 1786 1014 1824 non
1031 1786 1080 1839 pe-

58 1849 144 1919 perit,
172 1848 278 1917 aliquis
302 1849 396 1904 subito
420 1849 470 1904 illc
494 1849 555 1904 eius
579 1850 638 1904 sive
663 1849 707 1904 vir
730 1849 790 1905 sive
813 1852 896 1919 pater
914 1864 963 1903 seu
985 1851 1077 1902 mater
1092 1868 1118 1908 sc

58 1929 102 1983 vel
121 1929 212 1983 frater
230 1931 282 1983 aut
299 1929 374 1984 filius
393 1932 521 1985 mortuus
539 1930 587 1986 vel
606 1930 715 1985 occisus
733 1929 887 1984 nuntietur.

129 2009 207 2064 item.
232 2011 265 2062 ut
287 2009 389 2064 muller
412 2010 469 2064 cito
487 2010 591 2079 pariat,
610 2009 763 2064 lumbricos
783 2008 871 2062 desub
890 2010 967 2062 terra
978 2007 1019 2060 III
1033 2006 1079 2061 rel

59 2088 82 2140 V
102 2088 130 2142 ei
150 2104 235 2156 super
253 2088 398 2142 cerebrum
417 2105 499 2157 pone,
519 2092 548 2143 et
567 2106 631 2142 cum
650 2089 733 2143 enixe
752 2087 846 2157 fuerit,
865 2085 943 2141 tolle.

132 2268 198 2319 let
216 2282 280 2318 cum
299 2263 384 2318 enixa
402 2283 432 2321 a:
453 2268 482 2318 et
501 2265 614 2320 exinixa
634 2269 656 2321 b.
745 2263 831 2318 solvis
851 2266 896 2319 bc.
984 2269 1078 2317 tmu·

61 2335 138 2389 lleris
157 2343 223 2391 acte
242 2336 342 2390 dextra
361 2337 418 2390 add
436 2355 461 2390 a.
548 2336 680 2391 mulieres
700 2338 729 2391 b:
747 2352 811 2390 eam
829 2353 855 2390 a.
929 2340 944 2387 3
964 2335 1031 2388 dum
1050 2338 1078 2390 b:

61 2423 123 2460 cum
142 2426 168 2461 a.
243 2406 262 2460 f.
284 2405 412 2460 dimittat
431 2423 494 2460 cam
513 2409 572 2477 (cm.
592 2410 667 2478 mcx)
686 2427 711 2462 a.
785 2406 894 2461 tltem
912 2422 962 2460 om.
982 2424 1006 2477 9.

63 2476 237 2531 si-laborat
255 2494 306 2533 om.
326 2496 352 2532 a.
431 2477 555 2551 berbenp
576 2481 600 2547 b,
619 2479 742 2549 herberie
763 2496 788 2547 a,
807 2477 894 2532 herbe
912 2477 1034 2532 verbene
1052 2495 1077 2548 p.

131 2565 197 2601 cum
215 2550 267 2603 ba:
288 2564 322 2601 ex
339 2565 364 2618 y.
462 2549 578 2618 epotui
599 2550 668 2604 dato
686 2567 704 2621 9
723 2550 769 2617 (cf.
790 2552 833 2616 a):
853 2547 936 2602 bibat
954 2551 977 2605 b.
1051 2551 1080 2603 et

60 2635 108 2673 cm.
129 2621 153 2672 b.
228 2622 299 2672 4-5
318 2621 358 2674 sic
376 2620 456 2674 babet
474 2638 505 2675 a:
524 2621 596 2674 Item
615 2638 697 2674 sucus
716 2620 839 2692 herberie
859 2637 923 2674 cum
937 2637 1011 2688 equa
1029 2637 1079 2689 pc-

61 2692 144 2744 tatus.
166 2688 265 2743 statim
283 2705 383 2758 parere
402 2689 488 2758 cogit.
603 2696 619 2744 5
637 2691 804 2761 purgaverit
822 2709 848 2760 a,
867 2691 1036 2760 purgabitur
1053 2709 1078 2771 9.

59 2766 115 2815 te.
141 2779 163 2815 r.
194 2760 220 2814 d.
248 2776 271 2814 e.
295 2777 318 2814 c.
341 2778 368 2829 p.
403 2760 482 2814 Idem
508 2763 537 2814 et
564 2762 636 2816 bene
668 2762 750 2816 radin
781 2761 851 2816 facit
879 2764 908 2816 et
935 2761 1078 2832 artemisrp

61 2848 140 2885 sucus
161 2829 294 2885 similiter
311 2849 336 2902 p.
358 2833 465 2886 brevite
483 2850 513 2887 a:
534 2849 557 2887 e.
576 2851 597 2888 r.
619 2833 701 2887 detur
720 2832 883 2886 arthemisie
903 2848 993 2885 sucus.

61 2902 167 2956 lNam
193 2904 223 2955 et
244 2904 339 2955 rutam
363 2900 484 2956 viridem
509 2920 592 2972 super
613 2904 726 2973 pectine
746 2903 802 2957 sibi
819 2918 892 2972 pone
911 2920 930 2956 a
949 2903 1010 2970 (qui
1027 2917 1077 2954 om.

59 2989 108 3042 seq.
128 2991 152 3027 c.
173 2976 302 3040 8-15),
331 2972 406 3026 Nam
431 2976 460 3026 et
487 2976 552 3027 ruta
579 2974 679 3028 viridis
703 2973 749 3028 vel
771 2972 917 3043 pulegium
940 2971 1031 3024 viride
1054 2969 1078 3022 si

61 3060 143 3112 super
161 3045 286 3113 ponatur
304 3042 412 3112 pectini
431 3043 462 3096 in
480 3047 563 3099 nocte
581 3045 658 3099 idem
676 3043 747 3098 facit
765 3062 789 3114 9.
901 3048 917 3095 8
937 3044 966 3096 et
983 3040 1077 3093 infans

62 3113 126 3167 dum
144 3116 174 3170 b:
195 3114 247 3168 sed
266 3115 333 3167 dum
351 3113 448 3168 infans
466 3133 491 3185 p.
548 3115 604 3169 cito
623 3132 680 3168 non
699 3117 727 3169 b:
747 3130 804 3166 non
823 3113 879 3167 cito
897 3131 922 3184 9.
988 3117 1003 3164 9
1014 3117 1078 3179 post

62 3186 214 3239 secundam
233 3186 295 3254 (sic)
317 3185 443 3239 emiserIt
460 3187 525 3241 add.
544 3204 574 3257 9:
601 3188 631 3239 et
647 3184 794 3255 pulegium
812 3183 936 3237 bibitum
953 3183 984 3235 in
1003 3197 1077 3248 aqua

61 3256 103 3309 rel
121 3256 190 3310 vino
210 3254 350 3324 optimum
368 3258 412 3310 est
432 3261 494 3322 (om.
513 3258 561 3310 rel.
580 3273 664 3325 cepae
682 3257 720 3310 ad
733 3273 755 3310 c.
772 3255 858 3308 XIII
868 3254 983 3321 =III).

61 3325 214 3407 frigdorem
226 3329 249 3380 b.
302 3332 335 3380 12
346 3325 462 3380 Hclisab
474 3329 497 3381 b.
517 3326 602 3381 iclim.
613 3325 659 3380 bb.
676 3324 853 3394 (babtistem)
868 3327 891 3379 b.
936 3330 969 3377 13
984 3321 1076 3391 aperi:

60 3397 334 3522 tibitibi&
397 3396 735 3523 tilatllaltilfllal
751 3399 817 3519 23²8*
831 3394 890 3520 tt
905 3394 1036 3521 titt
1050 3395 1076 3519 ἒ·

61 3537 401 3607 191temsiedp.sir.b.
457 3538 578 3594 faciest.
611 3512 863 3594 ’19—230m.eta.
919 3510 1080 3593 illiciusb.
