2392 3924
240 266 245 276 Ι
324 195 553 249 EUPORISTON
571 196 828 250 FAENOMENON.
1044 197 1088 262 99

67 358 158 419 aliud.
201 359 282 419 faeni
305 354 415 438 graeci
430 360 541 441 pulvis,
569 362 746 421 afronitrum
768 363 800 420 iu
823 364 921 429 unciis
943 361 1036 443 binis,
1059 372 1089 423 et

67 447 240 526 alcyonium
267 454 299 509 et
326 451 476 527 cyminum
505 451 537 508 in
567 451 662 510 unciis
696 450 821 528 singulis
855 450 993 511 similiter
1020 471 1088 513 eum

67 543 151 596 aceto
177 535 347 597 adhibenda
370 543 447 598 sunt.
486 545 570 598 etex
593 537 729 598 betarum
748 538 827 598 foliis
847 541 939 599 coctis
959 547 989 600 et
1006 542 1087 601 tritis

67 624 249 704 cataplasma
276 625 490 706 imponendum
513 633 567 686 est.
614 634 644 687 et
666 629 753 705 piper
776 646 844 687 cum
857 635 983 692 ‚murtae
1007 628 1087 689 foliis

66 712 216 774 viridibus
239 716 346 774 tritum
364 722 394 775 et
413 714 468 775 sub
489 715 550 775 sole
569 717 601 775 in
619 714 734 776 balneis
758 716 921 776 adhibitum
944 724 1085 796 utrasque
1114 729 1126 768 5

68 801 201 862 maculas
224 802 444 881 permundabit.

157 908 249 970 saepe
268 891 316 951 his
334 891 595 969 perseverantibus
613 891 737 952 maculis
752 891 788 951 ad
808 891 962 954 elefantiae
981 897 1086 955 vitium

67 979 257 1057 frequentius
277 979 457 1041 declinatum
477 987 531 1061 est,
551 982 599 1040 cui
617 998 672 1058 pro
691 987 825 1059 tempore
845 1000 923 1041 nunc
943 981 1085 1042 ordinabo

67 1066 210 1128 remedia.

336 1226 474 1287 xxxvu.
512 1226 557 1289 ue
582 1226 819 1287 elefantiosis.
1100 1199 1125 1281 1'0

154 1332 213 1392 Per
246 1334 332 1392 initia
363 1333 452 1393 huius
487 1335 636 1411 passionis
669 1352 736 1392 cum
770 1351 801 1393 se
834 1333 961 1393 necdum
997 1331 1138 1412 plenetlb

65 1423 172 1481 vitium
191 1420 398 1502 publicaverit,
416 1421 627 1482 flebotomandi
646 1429 715 1481 sunt
732 1429 762 1481 et
779 1422 926 1499 purgandi
945 1423 1083 1501 frequen-

64 1511 134 1568 tius.
177 1509 286 1569 laciem
308 1528 378 1570 vero
402 1512 434 1569 iu
459 1528 515 1588 qua
538 1510 627 1569 buius
646 1511 710 1569 vitii
732 1509 800 1587 plus
817 1510 959 1571 exhorret
977 1513 1083 1593 imago,

66 1596 253 1676 myrobalani
276 1616 344 1657 cum
367 1605 451 1658 aceto
474 1604 505 1658 et
528 1597 592 1658 oleo
616 1615 703 1657 roseo
722 1597 768 1657 vel
792 1607 907 1659 murteo
926 1599 1082 1660 linimento

65 1686 174 1746 fricare
199 1688 366 1746 conveniet.
408 1689 493 1765 aquis
517 1684 700 1747 naturalibus
720 1686 894 1765 frequenter
911 1695 1034 1748 utantur
1053 1696 1082 1748 et
1097 1702 1123 1741 15

64 1777 189 1834 marinis
213 1773 347 1834 lavacris.
389 1777 571 1835 continentia
596 1793 666 1834 saue
689 1777 751 1834 vini
773 1776 820 1835 his
845 1795 932 1855 quam
954 1779 1081 1837 maxime

136 2005 148 2052 1
171 1995 253 2051 aliud
271 1997 300 2051 Β
310 1997 381 2053 Gela
400 1997 470 2051 item
488 2015 511 2065 r,
531 2014 580 2052 om.
601 1999 624 2051 b.
700 1997 829 2052 afronitri
846 1999 877 2051 in
895 1997 986 2052 unciis
1005 1997 1080 2052 binis

62 2068 97 2135 Β,
117 2066 252 2122 afronitri
269 2067 303 2123 Π.
318 2073 354 2108 -’-”
369 2069 397 2137 b,
421 2067 544 2122 afronita
561 2067 592 2121 in
609 2071 645 2135 ᾗ
658 2069 691 2123 Π.
711 2087 733 2137 r,
754 2068 918 2138 aphronitro
940 2069 971 2121 in
989 2068 1080 2122 unciis

63 2138 137 2191 binis
158 2139 219 2194 Gal.
312 2143 328 2191 2
347 2139 500 2193 contritum
518 2141 592 2208 (eum
611 2142 663 2208 ac.)
683 2141 746 2194 add.
767 2141 790 2193 b.
882 2146 897 2192 3
918 2138 1080 2192 adhibenda

62 2211 129 2264 sunt
146 2210 220 2264 θοις
240 2208 433 2263 adhibendum
451 2210 495 2263 est
513 2209 577 2278 (erit
595 2210 633 2279 Β)
651 2210 729 2264 rbB.
802 2212 832 2262 et
850 2225 884 2262 ex
897 2210 956 2264 rB:
976 2212 1005 2262 et
1020 2210 1079 2266 Gal.

62 2285 122 2349 (om.
138 2282 174 2349 b).
276 2284 293 2332 4
311 2279 355 2333 his
375 2279 499 2350 (impon.)
519 2282 582 2335 add.
602 2281 638 2335 Β.
728 2279 812 2333 mirte
830 2281 866 2334 rb
881 2279 976 2348 (myrti
996 2281 1078 2350 Geli:

61 2350 172 2405 mirteis
191 2350 228 2405 Β.
347 2359 363 2405 5
383 2352 412 2405 et
430 2351 503 2420 (sub)
521 2352 569 2406 rB
584 2352 629 2419 (cf.
650 2352 677 2406 b:
697 2349 772 2403 tritis
792 2351 843 2403 sub
863 2349 921 2404 sole
939 2350 1079 2405 viridibus

61 2423 111 2476 aut
138 2421 170 2476 in
199 2420 227 2475 b.
257 2420 440 2490 adhibitum):
468 2439 518 2476 om.
544 2422 601 2477 oet.
734 2428 822 2490 Spro
845 2423 970 2491 tempore
993 2424 1078 2479 rGel.

61 2496 87 2560 ri.
107 2511 130 2548 e.
144 2496 189 2547 ita
206 2498 374 2562 attempero
391 2498 538 2560 seruentur,
556 2499 589 2547 ut
606 2495 648 2547 cit
668 2493 737 2548 Cael.
757 2493 812 2547 cbr.
832 2497 863 2560 4,
881 2496 921 2562 8);
940 2509 990 2563 per
1007 2495 1078 2548 tem-

60 2580 130 2632 pora
148 2563 193 2632 B,
227 2579 279 2618 om.
299 2565 314 2617 b
338 2565 386 2632 qod
404 2570 469 2632 post
496 2562 668 2616 declinatum
696 2566 739 2617 est
760 2566 890 2634 contiuuo
913 2567 952 2618 sic
972 2568 1076 2635 percit:

62 2634 115 2688 Sed
144 2636 174 2689 et
206 2633 261 2687 hec
292 2633 435 2688 adiutoria
465 2633 624 2704 ma[s]culis
655 2651 739 2703 supra
770 2634 881 2704 scriptis
911 2636 1077 2705 propensius

62 2721 172 2775 semper
200 2703 339 2758 ordinabo
358 2708 397 2774 (1).
437 2704 517 2759 Porri
543 2704 614 2758 folia
636 2704 705 2758 trita
733 2707 762 2758 et
789 2705 930 2775 imposita.
958 2706 1077 2776 vnr[i]os

61 2776 196 2830 emendat
268 2777 363 2845 (—per
380 2792 473 2832 ceraue
491 2778 527 2844 9).
601 2780 635 2828 10
648 2776 689 2829 De
709 2775 884 2830 elefantiosis
903 2778 978 2832 rubr.
993 2778 1076 2831 rGel.

62 2853 94 2911 ret
116 2864 207 2917 supra
230 2847 268 2901 ad
285 2863 308 2902 c.
328 2850 365 2901 36
381 2847 432 2915 B):
460 2845 501 2900 De
527 2845 706 2900 elefanciacis
727 2849 742 2901 b
762 2850 812 2915 (ca.
842 2848 877 2900 de
904 2846 984 2914 lepra
1009 2847 1077 2900 dicit

61 2918 154 2973 Simon
173 2917 241 2972 Jara.
259 2933 280 2973 8.
300 2920 381 2986 oros).
447 2923 479 2971 11
499 2925 564 2971 oum
582 2933 611 2970 se
629 2917 750 2971 necdum
767 2917 849 2987 plene
863 2916 965 2972 vitium
983 2915 1076 2984 pupli-

61 2988 168 3044 caverit
186 3006 215 3044 νε
243 3004 308 3042 cum
326 2988 454 3042 sanandi
473 2987 555 3057 plene
573 2988 678 3042 vicium
697 2987 919 3057 supplicaverint
936 2987 964 3040 Β
982 2988 1024 3065 (ζ),
1051 2985 1076 3038 si

61 3059 182 3114 necdum
203 3057 287 3127 plene
309 3077 336 3115 v.
359 3057 521 3128 publicatur
546 3059 616 3127 eei,
645 3059 747 3127 quibus
775 3075 805 3112 se
827 3057 948 3110 necdum
970 3055 1075 3109 v1cium

61 3129 141 3197 plene
159 3129 352 3200 puplicaverit
371 3132 394 3185 b.
469 3135 500 3184 12
521 3131 586 3183 sunt
603 3130 640 3184 rb
651 3131 723 3185 Get:
742 3130 824 3182 erunt
841 3129 877 3180 Β.
951 3130 967 3177 9
982 3127 1011 3178 et
1029 3142 1075 3179 ca·

61 3200 161 3255 tartico
186 3200 257 3269 freq.
277 3200 339 3269 dep.
355 3218 376 3255 s.
397 3202 421 3256 b.
449 3202 567 3254 adrem.
587 3201 620 3267 cf.
642 3201 705 3255 Gal.
725 3200 788 3265 XI,
808 3202 870 3253 345.
976 3203 1008 3249 13
1028 3212 1074 3248 ex-

62 3269 154 3326 horret
172 3271 230 3338 rB,
250 3271 375 3325 exorruit
393 3273 420 3327 b:
441 3269 603 3325 exhorretur
622 3271 680 3325 Get.
779 3275 813 3321 14
831 3266 1009 3336 myrobalani
1027 3284 1075 3336 epo

63 3344 93 3407 cf.
110 3343 182 3397 (lael.
201 3343 258 3398 civr.
273 3346 300 3412 4,
317 3347 345 3398 2.
365 3345 405 3412 5):
425 3357 496 3395 -no
515 3341 562 3395 rB
573 3341 631 3395 Gal.
646 3341 690 3407 (b).
745 3340 853 3406 myrteo
868 3338 971 3406 Boot,
990 3337 1074 3390 mirto

64 3429 86 3466 r:
104 3412 220 3469 mirtino
240 3414 264 3468 b.
346 3411 493 3466 linimento
512 3410 626 3466 rbGel.:
645 3408 698 3461 lini
717 3410 840 3462 semente
860 3410 894 3463 Β.
974 3414 1006 3461 15
1025 3407 1073 3461 fn·-

66 3497 122 3538 eare
140 3484 273 3540 vnete:
293 3483 353 3537 -ri
371 3486 396 3540 b.
453 3488 485 3536 16
504 3479 606 3535 marini
624 3478 731 3533 lavacri
749 3479 785 3533 Β.
844 3478 904 3534 vini
923 3481 972 3534 rb:
991 3478 1073 3533 viciis

66 3552 89 3604 Β
95 3555 150 3611 θεῖ.
166 3557 227 3626 (abi
239 3557 311 3612 oieb
331 3552 511 3611 Continentia
523 3550 583 3605 vini
598 3568 683 3619 quam
696 3549 825 3605 maxime.
841 3550 917 3612 Cibis
933 3550 989 3621 dig.
1005 3553 1072 3619 etc.).

880 3640 916 3680 η*
