2392 3922
129 189 195 255 366
356 185 635 242 ammonianum
651 182 926 238 namnidon

128 359 160 416 in
183 357 252 415 vino
274 371 357 413 mero
381 355 412 412 in
435 351 541 412 balneo
560 352 592 410 iu
611 349 730 410 sabanis
753 347 870 409 sedenti
892 346 1001 410 bibere
1023 345 1141 410 ieiunae.

129 447 154 503 si
178 446 243 521 ipsa
266 442 314 501 die
339 440 385 500 vel
408 448 495 501 nocte
518 445 597 499 tacta
619 440 711 499 fuerit
732 456 749 498 a
771 439 846 517 viro,
869 439 1030 516 concipiet„

217 529 265 590 lo
290 536 502 608 conceptum
526 529 772 606 experimentum.
803 525 933 586 nardum
960 528 1097 588 asianum
1117 533 1142 585 11

128 638 215 679 uvam
242 636 360 697 passam
393 619 533 678 creticam
561 634 675 696 veram,
707 615 849 694 purgabis
880 622 916 675 ut
942 614 1032 676 tollas
1059 632 1142 694 grana

129 727 203 786 qnae
231 706 332 787 habet,
361 713 391 766 11
417 723 536 766 murrae
559 703 772 783 troglodyticae
799 703 960 764 modicum.
984 707 1061 764 teris
1083 702 1166 773 dili-l

129 802 233 874 genter
247 813 329 855 more
345 794 468 874 collyrii.
489 795 532 854 sio
546 795 627 853 enim
640 791 790 871 probabis.
814 791 850 852 ad
864 799 1001 853 rostrum
1020 792 1141 872 applicas

129 893 159 944 11
186 884 263 944 labia
291 883 360 943 inde
388 883 485 944 fricas
520 884 545 941 si
573 880 659 941 dulce
687 888 746 961 est,
774 883 818 941 sio
845 881 955 941 mulier
983 889 1091 942 utatur.
1119 882 1141 940 si

129 992 199 1033 vero
217 991 359 1053 amarum,
381 972 509 1049 adauges
533 988 618 1030 uvam
641 987 772 1050 passam,
796 976 827 1029 et
844 970 876 1029 in
893 969 961 1030 lana
980 972 1141 1049 pessarium

130 1063 241 1123 laetum
269 1079 419 1141 suppones
446 1078 501 1138 per
524 1059 588 1119 dies
611 1057 699 1118 XXX.
729 1060 869 1118 etiamsi
893 1060 967 1118 stira
992 1066 1052 1139 est,
1079 1076 1140 1119 con·

129 1154 210 1230 cipit.
244 1158 274 1210 11
300 1152 412 1228 pariter
438 1165 649 1227 praeparamus
680 1165 734 1225 par
761 1148 834 1207 viro.
867 1153 966 1206 rutam
1000 1154 1140 1226 agrestem
1150 1155 1165 1196 1⁰

128 1247 193 1299 tere
221 1246 252 1299 et
279 1238 348 1298 inde
376 1245 526 1297 veretrum
554 1235 620 1316 lini,
653 1237 754 1295 statim
786 1234 954 1295 exoalesoit.
990 1243 1094 1315 postea
1118 1236 1139 1294 si

128 1344 189 1386 non
208 1328 376 1405 pausaverit
391 1327 502 1385 veretri
520 1330 651 1404 tonsura,
669 1322 749 1383 idem
766 1330 918 1383 veretrum
937 1323 1005 1384 oleo
1024 1342 1138 1403 ungues

98 1410 118 1474 6
217 1413 367 1492 Inguina
396 1415 422 1472 si
450 1432 467 1472 a
497 1412 609 1473 caballo
637 1411 800 1492 doluerint,
837 1411 902 1472 oleo
935 1416 1055 1473 rosacio
1083 1421 1139 1473 tan-

128 1507 239 1578 guntur
263 1504 294 1560 in
316 1500 421 1560 balneo
446 1508 475 1559 et
498 1508 581 1560 extra
599 1499 747 1560 balneum.
771 1502 798 1560 si
820 1507 920 1560 autem
944 1519 1015 1562 cum
1038 1502 1139 1563 rubore

127 1590 220 1648 nimio
245 1595 296 1648 aut
317 1594 422 1648 ustura
445 1588 569 1669 luerint,
598 1607 666 1649 oum
690 1607 812 1650 cerussa
834 1591 982 1668 permixta
1005 1591 1163 1652 linantm.1⁵

99 1674 116 1736 l
217 1677 265 1737 ild
293 1679 495 1755 perniones
528 1675 646 1736 alumen
680 1679 808 1738 scissum
834 1680 866 1738 in
897 1686 984 1738 aceto
1013 1683 1076 1740 acri
1100 1681 1139 1738 in·

128 1766 229 1827 fundis
253 1774 283 1826 et
305 1773 372 1845 post
396 1765 475 1825 diem
499 1764 624 1843 agitabis
644 1773 675 1826 et
696 1767 728 1825 in
751 1766 826 1845 pede
845 1785 1018 1845 perungues
1039 1767 1083 1845 [id
1100 1774 1140 1828 111

129 1854 238 1933 linies}

99 1940 118 2004 8
218 1944 266 2004 Ad
289 1942 495 2004 lumbricos,
519 1944 551 2002 in
575 1943 662 2003 ollam
685 1942 807 2002 liotilem
830 1945 924 2004 mittis
944 1953 1078 2006 mentam
1095 1963 1139 2006 us·

130 2052 187 2111 que
212 2033 248 2092 ad
271 2033 397 2112 medias,
425 2039 455 2092 et
478 2031 607 2110 desuper
629 2033 722 2092 micas
749 2032 906 2110 usquead
930 2051 1088 2095 summum.
1114 2040 1166 2094 eto

128 2120 267 2200 implebis
299 2124 394 2199 ipsam
427 2120 514 2181 ollam
546 2139 634 2201 aqua,
666 2127 696 2180 11
723 2119 872 2199 decoques
901 2125 1010 2183 omnia.
1042 2123 1140 2184 bibere

129 2209 213 2269 dabis
231 2209 353 2270 habenti
372 2209 533 2270 lumbricos
551 2211 660 2269 ieiuno.
685 2226 788 2268 omnes
806 2228 861 2287 per
879 2210 1024 2272 inferiora
1042 2214 1139 2292 egerit.

98 2295 118 2356 9
218 2298 265 2358 Ad
298 2304 482 2359 menstrua
514 2297 659 2358 mulieri
690 2298 924 2376 provocanda.
961 2308 1048 2361 rutae
1081 2301 1139 2361 suoi

129 2393 245 2463 oyatum
269 2404 361 2446 unum
385 2386 559 2446 calefactum
582 2389 682 2446 ieiuna
704 2384 795 2446 bibat.
824 2386 931 2446 lortius
955 2395 1056 2450 autem
1075 2407 1140 2468 pro·

127 2480 225 2552 vocat,
254 2475 279 2532 si
306 2475 407 2533 ieiuna
434 2473 548 2533 levetur
576 2477 673 2534 etsie
698 2473 822 2556 biberit,
854 2483 922 2535 ante
949 2484 1052 2538 tamen
1080 2481 1167 2538 sinell

126 2558 232 2618 balneo
252 2563 385 2638 accipiat.
410 2563 530 2639 sanguis
550 2564 576 2621 si
594 2563 684 2623 huius
703 2582 824 2624 currere
843 2567 985 2645 coeperit,
1007 2567 1140 2628 stnculos

126 2649 221 2726 ipsius
245 2656 338 2728 rutae,
361 2648 398 2708 de
417 2651 503 2709 cuius
522 2650 602 2710 foliis
626 2670 716 2712 sucus
735 2670 894 2732 expressus
912 2660 967 2734 est,
992 2657 1025 2714 in
1044 2658 1141 2735 ignem

126 2738 233 2816 mittat,
256 2744 286 2796 et
310 2739 430 2815 sanguis
454 2757 485 2798 se
510 2741 638 2818 stringit.

75 2824 117 2888 10
216 2824 334 2885 Potio
363 2826 408 2886 ad
435 2826 551 2888 luem.
589 2832 757 2890 cucumeris
790 2830 916 2891 silvatici
945 2831 1080 2892 radicem
1108 2831 1140 2892 ad

127 2923 270 2992 quantum
292 2914 432 2976 habueris
456 2918 550 2976 mittis
573 2919 605 2976 in
622 2920 798 2978 mortarium
821 2927 852 2980 et
873 2921 946 2980 toris
970 2937 1040 2980 oum
1064 2921 1171 2981 foliiso

198 3054 310 3122 lmpro
323 3051 361 3106 B.
413 3049 525 3106 ieiunae
543 3053 583 3106 oio
596 3052 630 3105 B.
685 3057 818 3120 tvpram
834 3054 897 3120 (aio)
912 3054 947 3107 B.
1004 3055 1140 3109 dmirrae

125 3119 248 3173 troolitis
268 3121 303 3176 B.
415 3127 509 3192 ‘apost
526 3121 634 3176 facium
652 3122 791 3176 1111111111.
811 3122 876 3176 add.
896 3140 964 3179 corr.
984 3125 1014 3178 et
1032 3126 1070 3181 B.

127 3189 200 3244 scira
217 3191 246 3244 B
265 3194 368 3260 (στεῖρα
387 3193 447 3262 od).
549 3199 583 3247 10
601 3209 654 3262 par
670 3192 710 3245 aio
727 3191 784 3244 eod.
806 3194 869 3258 (om.
888 3196 951 3260 ed).
1045 3202 1141 3250 1311-

126 3277 209 3314 saoeo
227 3262 263 3316 B.
338 3267 371 3315 15
390 3263 497 3317 oeru1sa
514 3265 592 3330 (1111)
612 3263 640 3316 Β
660 3266 739 3329 (eoru.
754 3261 817 3328 ed).
898 3271 931 3319 1⁷
949 3263 980 3316 id
995 3269 1040 3319 eet
1058 3267 1141 3322 linies

125 3333 219 3399 (quoad
236 3334 363 3403 ploaaam)
383 3350 433 3390 om.
453 3337 492 3389 ed.
575 3331 1075 3407 nominas(ato)13(myrioased.).
1096 3357 1141 3408 oy-

125 3401 237 3457 athum:
256 3405 296 3458 aio
313 3420 416 3473 semper
435 3407 480 3470 (ut
496 3405 571 3459 docte
588 3405 666 3472 solet)
685 3403 721 3456 B.
795 3402 953 3460 adlevatur
971 3406 999 3458 B
1018 3407 1142 3474 (lavetur

125 3473 184 3540 ed).
258 3475 412 3540 antequam
429 3473 564 3528 balneum
581 3474 669 3528 1111111
687 3489 755 3529 corr.
774 3474 816 3528 ed.
880 3481 915 3530 26
934 3476 1062 3531 surculus
1083 3481 1143 3549 (sed

125 3555 231 3596 oecon
249 3548 331 3610 corr.)
351 3545 386 3598 B.
460 3549 493 3600 29
513 3545 551 3598 ad
570 3548 609 3613 (q.
627 3546 679 3613 aio)
698 3545 727 3599 Β
745 3558 795 3598 oon.
815 3547 855 3600 ed.
