<?xml version="1.0" encoding="UTF-8"?>
<!DOCTYPE html PUBLIC "-//W3C//DTD XHTML 1.0 Transitional//EN"
    "http://www.w3.org/TR/xhtml1/DTD/xhtml1-transitional.dtd">
<html xmlns="http://www.w3.org/1999/xhtml" xml:lang="en" lang="en">
 <head>
  <title>
</title>
<meta http-equiv="Content-Type" content="text/html;charset=utf-8" />
  <meta name='ocr-system' content='tesseract 3.04.00' />
  <meta name='ocr-capabilities' content='ocr_page ocr_carea ocr_par ocr_line ocrx_word'/>
</head>
<body>
  <div class='ocr_page' id='page_1' title='image "./euporistonlibri00rosegoog_0402.png"; bbox 0 0 2392 3922; ppageno 0'>
   <div class='ocr_carea' id='block_1_1' title="bbox 280 153 1071 225">
    <p class='ocr_par' dir='ltr' id='par_1_1' title="bbox 280 153 1071 225">
     <span class='ocr_line' id='line_1_1' title="bbox 280 153 1071 225; baseline 0.015 -12"><span class='ocrx_word' id='word_1_1' title='bbox 280 160 557 214; x_wconf 77' lang='lat' dir='ltr'><strong>surmoramuu</strong></span> <span class='ocrx_word' id='word_1_2' title='bbox 574 161 844 215; x_wconf 73' lang='lat' dir='ltr'><strong>namucense.</strong></span> <span class='ocrx_word' id='word_1_3' title='bbox 1005 153 1071 225; x_wconf 83' lang='lat'><strong>369</strong></span> 
     </span>
    </p>
   </div>
   <div class='ocr_carea' id='block_1_2' title="bbox 10 324 1072 496">
    <p class='ocr_par' dir='ltr' id='par_1_2' title="bbox 10 324 1072 496">
     <span class='ocr_line' id='line_1_2' title="bbox 10 324 1072 389; baseline -0.002 0"><span class='ocrx_word' id='word_1_4' title='bbox 10 326 42 389; x_wconf 82' lang='lat'><strong>.6</strong></span> <span class='ocrx_word' id='word_1_5' title='bbox 148 324 339 385; x_wconf 74' lang='lat' dir='ltr'><strong>Antidotos</strong></span> <span class='ocrx_word' id='word_1_6' title='bbox 362 326 474 385; x_wconf 89' lang='lat' dir='ltr'><strong>faciens</strong></span> <span class='ocrx_word' id='word_1_7' title='bbox 498 325 538 385; x_wconf 91' lang='lat' dir='ltr'><strong>ad</strong></span> <span class='ocrx_word' id='word_1_8' title='bbox 562 343 682 385; x_wconf 88' lang='lat' dir='ltr'><strong>omnes</strong></span> <span class='ocrx_word' id='word_1_9' title='bbox 703 326 847 387; x_wconf 88' lang='lat' dir='ltr'><strong>dolores</strong></span> <span class='ocrx_word' id='word_1_10' title='bbox 865 328 1072 387; x_wconf 85' lang='lat' dir='ltr'><strong>interaneo-</strong></span> 
     </span>
     <span class='ocr_line' id='line_1_3' title="bbox 13 414 1071 496; baseline 0.001 -20"><span class='ocrx_word' id='word_1_11' title='bbox 13 421 18 429; x_wconf 82' lang='lat'><strong><em>‘</em></strong></span> <span class='ocrx_word' id='word_1_12' title='bbox 55 433 144 476; x_wconf 92' lang='lat' dir='ltr'><strong>rum.</strong></span> <span class='ocrx_word' id='word_1_13' title='bbox 168 415 254 494; x_wconf 74' lang='lat' dir='ltr'><strong>ysopi</strong></span> <span class='ocrx_word' id='word_1_14' title='bbox 277 415 381 474; x_wconf 89' lang='lat' dir='ltr'><strong>cretici</strong></span> <span class='ocrx_word' id='word_1_15' title='bbox 399 428 436 476; x_wconf 81' lang='lat' dir='ltr'><strong>-t—</strong></span> <span class='ocrx_word' id='word_1_16' title='bbox 453 414 488 494; x_wconf 95' lang='lat' dir='ltr'><strong>ll,</strong></span> <span class='ocrx_word' id='word_1_17' title='bbox 511 414 704 475; x_wconf 90' lang='lat' dir='ltr'><strong>calamintbae</strong></span> <span class='ocrx_word' id='word_1_18' title='bbox 728 418 868 496; x_wconf 78' lang='lat' dir='ltr'><strong>creticae,</strong></span> <span class='ocrx_word' id='word_1_19' title='bbox 892 415 984 495; x_wconf 86' lang='lat' dir='ltr'><strong>puleii</strong></span> <span class='ocrx_word' id='word_1_20' title='bbox 1008 419 1071 477; x_wconf 87' lang='lat' dir='ltr'><strong>sina</strong></span> 
     </span>
    </p>
   </div>
   <div class='ocr_carea' id='block_1_3' title="bbox 9 502 1114 3067">
    <p class='ocr_par' dir='ltr' id='par_1_3' title="bbox 9 502 1114 3067">
     <span class='ocr_line' id='line_1_4' title="bbox 56 502 1072 586; baseline -0.001 -20"><span class='ocrx_word' id='word_1_21' title='bbox 56 505 149 585; x_wconf 86' lang='grc'><strong>131113,</strong></span> <span class='ocrx_word' id='word_1_22' title='bbox 172 502 346 582; x_wconf 80' lang='lat' dir='ltr'>petroselini</span> <span class='ocrx_word' id='word_1_23' title='bbox 368 502 561 583; x_wconf 81' lang='lat' dir='ltr'><strong>macedonici,</strong></span> <span class='ocrx_word' id='word_1_24' title='bbox 584 503 707 564; x_wconf 86' lang='lat' dir='ltr'><strong>siseleos</strong></span> <span class='ocrx_word' id='word_1_25' title='bbox 730 503 789 565; x_wconf 74' lang='lat' dir='ltr'><strong>unc</strong></span> <span class='ocrx_word' id='word_1_26' title='bbox 810 511 920 586; x_wconf 87' lang='lat' dir='ltr'><strong>ternas,</strong></span> <span class='ocrx_word' id='word_1_27' title='bbox 943 507 1003 583; x_wconf 92' lang='lat' dir='ltr'><strong>apii</strong></span> <span class='ocrx_word' id='word_1_28' title='bbox 1026 523 1072 565; x_wconf 88' lang='lat' dir='ltr'><strong>se·</strong></span> 
     </span>
     <span class='ocr_line' id='line_1_5' title="bbox 56 590 1072 675; baseline -0.001 -21"><span class='ocrx_word' id='word_1_29' title='bbox 56 595 149 654; x_wconf 91' lang='lat' dir='ltr'><strong>minis</strong></span> <span class='ocrx_word' id='word_1_30' title='bbox 167 590 229 652; x_wconf 71' lang='lat' dir='ltr'><strong>unc</strong></span> <span class='ocrx_word' id='word_1_31' title='bbox 240 591 262 673; x_wconf 92' lang='lat' dir='ltr'><strong>l,</strong></span> <span class='ocrx_word' id='word_1_32' title='bbox 277 591 407 670; x_wconf 83' lang='lat' dir='ltr'><strong>ligustici</strong></span> <span class='ocrx_word' id='word_1_33' title='bbox 426 595 616 673; x_wconf 83' lang='lat' dir='ltr'><strong>semunciam,</strong></span> <span class='ocrx_word' id='word_1_34' title='bbox 634 592 728 673; x_wconf 82' lang='lat' dir='ltr'><strong>thymi</strong></span> <span class='ocrx_word' id='word_1_35' title='bbox 745 594 863 673; x_wconf 89' lang='lat' dir='ltr'><strong>hispani</strong></span> <span class='ocrx_word' id='word_1_36' title='bbox 881 593 988 654; x_wconf 84' lang='lat' dir='ltr'><strong>florum</strong></span> <span class='ocrx_word' id='word_1_37' title='bbox 1001 609 1038 657; x_wconf 80' lang='grc' dir='ltr'><strong>-ῑ-</strong></span> <span class='ocrx_word' id='word_1_38' title='bbox 1050 594 1072 675; x_wconf 91' lang='grc'><strong>1,</strong></span> 
     </span>
     <span class='ocr_line' id='line_1_6' title="bbox 58 680 1112 762; baseline -0.005 -20"><span class='ocrx_word' id='word_1_39' title='bbox 58 683 173 762; x_wconf 87' lang='lat' dir='ltr'><strong>piperis</strong></span> <span class='ocrx_word' id='word_1_40' title='bbox 197 683 389 761; x_wconf 87' lang='lat' dir='ltr'><strong>semunciam,</strong></span> <span class='ocrx_word' id='word_1_41' title='bbox 411 680 544 759; x_wconf 88' lang='lat' dir='ltr'><strong>zingibcr</strong></span> <span class='ocrx_word' id='word_1_42' title='bbox 568 685 757 743; x_wconf 86' lang='lat' dir='ltr'><strong>semunciam.</strong></span> <span class='ocrx_word' id='word_1_43' title='bbox 780 689 867 743; x_wconf 92' lang='lat' dir='ltr'><strong>tunsa</strong></span> <span class='ocrx_word' id='word_1_44' title='bbox 888 690 969 743; x_wconf 88' lang='lat' dir='ltr'><strong>creta</strong></span> <span class='ocrx_word' id='word_1_45' title='bbox 992 701 1071 742; x_wconf 90' lang='lat' dir='ltr'><strong>com·</strong></span> <span class='ocrx_word' id='word_1_46' title='bbox 1098 696 1112 737; x_wconf 84' lang='grc'><strong>1</strong></span> 
     </span>
     <span class='ocr_line' id='line_1_7' title="bbox 60 769 1071 851; baseline 0.001 -21"><span class='ocrx_word' id='word_1_47' title='bbox 60 774 169 832; x_wconf 90' lang='lat' dir='ltr'><strong>misces</strong></span> <span class='ocrx_word' id='word_1_48' title='bbox 198 788 266 830; x_wconf 89' lang='lat' dir='ltr'><strong>cum</strong></span> <span class='ocrx_word' id='word_1_49' title='bbox 293 769 381 829; x_wconf 83' lang='lat' dir='ltr'><strong>melle</strong></span> <span class='ocrx_word' id='word_1_50' title='bbox 408 769 487 830; x_wconf 92' lang='lat' dir='ltr'><strong>bono</strong></span> <span class='ocrx_word' id='word_1_51' title='bbox 516 769 702 851; x_wconf 88' lang='lat' dir='ltr'><strong>despumato,</strong></span> <span class='ocrx_word' id='word_1_52' title='bbox 731 778 761 830; x_wconf 90' lang='lat' dir='ltr'><strong>ct</strong></span> <span class='ocrx_word' id='word_1_53' title='bbox 788 772 954 832; x_wconf 88' lang='lat' dir='ltr'><strong>confectum</strong></span> <span class='ocrx_word' id='word_1_54' title='bbox 977 773 1071 832; x_wconf 88' lang='lat' dir='ltr'><strong>vitreo</strong></span> 
     </span>
     <span class='ocr_line' id='line_1_8' title="bbox 61 858 1071 939; baseline 0.001 -19"><span class='ocrx_word' id='word_1_55' title='bbox 61 863 209 939; x_wconf 88' lang='lat' dir='ltr'><strong>signatum</strong></span> <span class='ocrx_word' id='word_1_56' title='bbox 237 858 376 918; x_wconf 89' lang='lat' dir='ltr'><strong>servabis.</strong></span> <span class='ocrx_word' id='word_1_57' title='bbox 405 858 520 919; x_wconf 86' lang='grc'><strong>3111133</strong></span> <span class='ocrx_word' id='word_1_58' title='bbox 543 861 643 919; x_wconf 88' lang='lat' dir='ltr'><strong>ieiuno</strong></span> <span class='ocrx_word' id='word_1_59' title='bbox 671 859 755 919; x_wconf 92' lang='lat' dir='ltr'><strong>dabis</strong></span> <span class='ocrx_word' id='word_1_60' title='bbox 782 859 915 920; x_wconf 88' lang='lat' dir='ltr'><strong>cocleare</strong></span> <span class='ocrx_word' id='word_1_61' title='bbox 942 860 1071 939; x_wconf 88' lang='lat' dir='ltr'><strong>plenum.</strong></span> 
     </span>
     <span class='ocr_line' id='line_1_9' title="bbox 9 944 1072 1026; baseline -0.001 -17"><span class='ocrx_word' id='word_1_62' title='bbox 9 944 48 1009; x_wconf 82' lang='grc'><strong>11</strong></span> <span class='ocrx_word' id='word_1_63' title='bbox 148 947 339 1008; x_wconf 88' lang='lat' dir='ltr'><strong>Diamoron</strong></span> <span class='ocrx_word' id='word_1_64' title='bbox 362 947 469 1026; x_wconf 93' lang='lat' dir='ltr'><strong>aplun</strong></span> <span class='ocrx_word' id='word_1_65' title='bbox 487 947 517 1007; x_wconf 94' lang='lat' dir='ltr'><strong>id</strong></span> <span class='ocrx_word' id='word_1_66' title='bbox 541 954 587 1007; x_wconf 89' lang='grc'><strong>331</strong></span> <span class='ocrx_word' id='word_1_67' title='bbox 610 948 850 1026; x_wconf 76' lang='grc'><strong>3131111311.,31313</strong></span> <span class='ocrx_word' id='word_1_68' title='bbox 870 947 1000 1008; x_wconf 87' lang='lat' dir='ltr'><strong>silvatica</strong></span> <span class='ocrx_word' id='word_1_69' title='bbox 1019 951 1072 1008; x_wconf 92' lang='lat' dir='ltr'><strong>tri-</strong></span> 
     </span>
     <span class='ocr_line' id='line_1_10' title="bbox 58 1033 1072 1115; baseline -0.002 -17"><span class='ocrx_word' id='word_1_70' title='bbox 58 1033 118 1098; x_wconf 88' lang='lat' dir='ltr'><strong>duo</strong></span> <span class='ocrx_word' id='word_1_71' title='bbox 137 1039 170 1098; x_wconf 92' lang='grc'><strong>13</strong></span> <span class='ocrx_word' id='word_1_72' title='bbox 189 1035 297 1097; x_wconf 86' lang='lat' dir='ltr'><strong>cacabo</strong></span> <span class='ocrx_word' id='word_1_73' title='bbox 315 1035 425 1097; x_wconf 74' lang='lat' dir='ltr'><strong>mcmdo</strong></span> <span class='ocrx_word' id='word_1_74' title='bbox 444 1035 598 1096; x_wconf 87' lang='lat' dir='ltr'><strong>habentur.</strong></span> <span class='ocrx_word' id='word_1_75' title='bbox 623 1043 725 1115; x_wconf 89' lang='lat' dir='ltr'><strong>postca</strong></span> <span class='ocrx_word' id='word_1_76' title='bbox 744 1039 951 1115; x_wconf 82' lang='lat' dir='ltr'><strong>exprimuntur</strong></span> <span class='ocrx_word' id='word_1_77' title='bbox 969 1055 1005 1096; x_wconf 88' lang='grc'><strong>31(</strong></span> <span class='ocrx_word' id='word_1_78' title='bbox 1024 1037 1072 1096; x_wconf 94' lang='lat' dir='ltr'><strong>his</strong></span> 
     </span>
     <span class='ocr_line' id='line_1_11' title="bbox 58 1124 1113 1206; baseline -0.008 -20"><span class='ocrx_word' id='word_1_79' title='bbox 58 1127 183 1186; x_wconf 82' lang='lat' dir='ltr'><strong>sextarii</strong></span> <span class='ocrx_word' id='word_1_80' title='bbox 206 1143 268 1206; x_wconf 86' lang='lat' dir='ltr'><strong>sex,</strong></span> <span class='ocrx_word' id='word_1_81' title='bbox 291 1124 400 1203; x_wconf 89' lang='lat' dir='ltr'><strong>quibus</strong></span> <span class='ocrx_word' id='word_1_82' title='bbox 419 1127 582 1203; x_wconf 87' lang='lat' dir='ltr'><strong>iunguntur</strong></span> <span class='ocrx_word' id='word_1_83' title='bbox 600 1124 697 1184; x_wconf 91' lang='lat' dir='ltr'><strong>mellis</strong></span> <span class='ocrx_word' id='word_1_84' title='bbox 719 1127 840 1185; x_wconf 82' lang='lat' dir='ltr'><strong>sextarii</strong></span> <span class='ocrx_word' id='word_1_85' title='bbox 853 1125 893 1185; x_wconf 95' lang='lat' dir='ltr'><strong>lll</strong></span> <span class='ocrx_word' id='word_1_86' title='bbox 911 1128 1071 1185; x_wconf 82' lang='lat' dir='ltr'><strong>commixti.</strong></span> <span class='ocrx_word' id='word_1_87' title='bbox 1087 1140 1113 1179; x_wconf 85' lang='grc'><strong>11</strong></span> 
     </span>
     <span class='ocr_line' id='line_1_12' title="bbox 58 1213 1072 1292; baseline -0.002 -17"><span class='ocrx_word' id='word_1_88' title='bbox 58 1213 149 1275; x_wconf 90' lang='lat' dir='ltr'><strong>simul</strong></span> <span class='ocrx_word' id='word_1_89' title='bbox 171 1213 307 1274; x_wconf 86' lang='lat' dir='ltr'><strong>colantur</strong></span> <span class='ocrx_word' id='word_1_90' title='bbox 330 1220 360 1273; x_wconf 88' lang='grc'><strong>31</strong></span> <span class='ocrx_word' id='word_1_91' title='bbox 381 1216 413 1273; x_wconf 91' lang='grc'><strong>13</strong></span> <span class='ocrx_word' id='word_1_92' title='bbox 432 1213 539 1274; x_wconf 90' lang='lat' dir='ltr'><strong>cacabo</strong></span> <span class='ocrx_word' id='word_1_93' title='bbox 559 1219 690 1292; x_wconf 86' lang='lat' dir='ltr'><strong>stagnato</strong></span> <span class='ocrx_word' id='word_1_94' title='bbox 714 1220 882 1292; x_wconf 87' lang='lat' dir='ltr'><strong>coquuntur</strong></span> <span class='ocrx_word' id='word_1_95' title='bbox 905 1213 941 1274; x_wconf 92' lang='lat' dir='ltr'><strong>ad</strong></span> <span class='ocrx_word' id='word_1_96' title='bbox 959 1216 1072 1274; x_wconf 91' lang='lat' dir='ltr'><strong>tertias.</strong></span> 
     </span>
     <span class='ocr_line' id='line_1_13' title="bbox 58 1301 1072 1385; baseline -0.001 -21"><span class='ocrx_word' id='word_1_97' title='bbox 58 1310 196 1364; x_wconf 83' lang='lat' dir='ltr'><strong>servatur</strong></span> <span class='ocrx_word' id='word_1_98' title='bbox 218 1305 251 1362; x_wconf 89' lang='lat' dir='ltr'><strong>iu</strong></span> <span class='ocrx_word' id='word_1_99' title='bbox 270 1301 348 1362; x_wconf 92' lang='lat' dir='ltr'><strong>dolio</strong></span> <span class='ocrx_word' id='word_1_100' title='bbox 366 1305 469 1364; x_wconf 86' lang='lat' dir='ltr'><strong>vitreo.</strong></span> <span class='ocrx_word' id='word_1_101' title='bbox 493 1302 580 1363; x_wconf 91' lang='lat' dir='ltr'><strong>datur</strong></span> <span class='ocrx_word' id='word_1_102' title='bbox 603 1320 639 1362; x_wconf 89' lang='grc'><strong>31(</strong></span> <span class='ocrx_word' id='word_1_103' title='bbox 657 1303 713 1363; x_wconf 94' lang='lat' dir='ltr'><strong>hoc</strong></span> <span class='ocrx_word' id='word_1_104' title='bbox 737 1302 773 1362; x_wconf 92' lang='lat' dir='ltr'><strong>ad</strong></span> <span class='ocrx_word' id='word_1_105' title='bbox 794 1302 916 1363; x_wconf 87' lang='lat' dir='ltr'><strong>vulnera</strong></span> <span class='ocrx_word' id='word_1_106' title='bbox 934 1303 1072 1385; x_wconf 83' lang='lat' dir='ltr'><strong>faucium,</strong></span> 
     </span>
     <span class='ocr_line' id='line_1_14' title="bbox 59 1390 1073 1471; baseline 0 -19"><span class='ocrx_word' id='word_1_107' title='bbox 59 1393 198 1452; x_wconf 89' lang='lat' dir='ltr'><strong>dentium</strong></span> <span class='ocrx_word' id='word_1_108' title='bbox 211 1390 314 1451; x_wconf 92' lang='lat' dir='ltr'><strong>dolori.</strong></span> <span class='ocrx_word' id='word_1_109' title='bbox 339 1393 370 1450; x_wconf 90' lang='grc'><strong>111</strong></span> <span class='ocrx_word' id='word_1_110' title='bbox 387 1393 539 1451; x_wconf 87' lang='lat' dir='ltr'><strong>acerrimis</strong></span> <span class='ocrx_word' id='word_1_111' title='bbox 554 1390 687 1452; x_wconf 82' lang='lat' dir='ltr'><strong>febribus</strong></span> <span class='ocrx_word' id='word_1_112' title='bbox 707 1394 876 1453; x_wconf 89' lang='lat' dir='ltr'><strong>constitutis</strong></span> <span class='ocrx_word' id='word_1_113' title='bbox 890 1399 1073 1471; x_wconf 87' lang='lat' dir='ltr'><strong>temperatur</strong></span> 
     </span>
     <span class='ocr_line' id='line_1_15' title="bbox 58 1479 1072 1559; baseline 0.001 -18"><span class='ocrx_word' id='word_1_114' title='bbox 58 1500 94 1541; x_wconf 89' lang='grc'><strong>31(</strong></span> <span class='ocrx_word' id='word_1_115' title='bbox 120 1499 197 1559; x_wconf 87' lang='lat' dir='ltr'><strong>aqua</strong></span> <span class='ocrx_word' id='word_1_116' title='bbox 220 1479 314 1540; x_wconf 89' lang='lat' dir='ltr'><strong>calida</strong></span> <span class='ocrx_word' id='word_1_117' title='bbox 336 1479 383 1539; x_wconf 85' lang='lat' dir='ltr'><strong>vel</strong></span> <span class='ocrx_word' id='word_1_118' title='bbox 406 1499 442 1539; x_wconf 88' lang='grc'><strong>31(</strong></span> <span class='ocrx_word' id='word_1_119' title='bbox 465 1479 580 1558; x_wconf 87' lang='lat' dir='ltr'><strong>frigida.</strong></span> <span class='ocrx_word' id='word_1_120' title='bbox 605 1480 657 1540; x_wconf 93' lang='lat' dir='ltr'><strong>sed</strong></span> <span class='ocrx_word' id='word_1_121' title='bbox 680 1487 710 1540; x_wconf 92' lang='lat' dir='ltr'><strong>et</strong></span> <span class='ocrx_word' id='word_1_122' title='bbox 733 1480 855 1542; x_wconf 88' lang='lat' dir='ltr'><strong>auribus</strong></span> <span class='ocrx_word' id='word_1_123' title='bbox 877 1481 1016 1542; x_wconf 89' lang='lat' dir='ltr'><strong>ulceratis</strong></span> <span class='ocrx_word' id='word_1_124' title='bbox 1036 1481 1072 1542; x_wconf 92' lang='lat' dir='ltr'><strong>ad</strong></span> 
     </span>
     <span class='ocr_line' id='line_1_16' title="bbox 58 1567 1113 1649; baseline 0.002 -19"><span class='ocrx_word' id='word_1_125' title='bbox 58 1569 195 1631; x_wconf 89' lang='lat' dir='ltr'><strong>cocleare</strong></span> <span class='ocrx_word' id='word_1_126' title='bbox 218 1567 367 1649; x_wconf 86' lang='lat' dir='ltr'><strong>fundetur,</strong></span> <span class='ocrx_word' id='word_1_127' title='bbox 391 1575 420 1628; x_wconf 90' lang='lat' dir='ltr'><strong>et</strong></span> <span class='ocrx_word' id='word_1_128' title='bbox 443 1567 598 1630; x_wconf 91' lang='lat' dir='ltr'><strong>obturatur</strong></span> <span class='ocrx_word' id='word_1_129' title='bbox 621 1568 694 1629; x_wconf 92' lang='lat' dir='ltr'><strong>lana.</strong></span> <span class='ocrx_word' id='word_1_130' title='bbox 1088 1591 1113 1632; x_wconf 83' lang='lat'><strong>15</strong></span> 
     </span>
     <span class='ocr_line' id='line_1_17' title="bbox 10 1652 1073 1719; baseline 0.002 -4"><span class='ocrx_word' id='word_1_131' title='bbox 10 1652 47 1717; x_wconf 87' lang='lat'><strong>18</strong></span> <span class='ocrx_word' id='word_1_132' title='bbox 150 1657 338 1718; x_wconf 86' lang='lat' dir='ltr'><strong>Diamoron</strong></span> <span class='ocrx_word' id='word_1_133' title='bbox 367 1665 560 1718; x_wconf 89' lang='grc'><strong>333333133</strong></span> <span class='ocrx_word' id='word_1_134' title='bbox 588 1657 618 1718; x_wconf 95' lang='lat' dir='ltr'><strong>id</strong></span> <span class='ocrx_word' id='word_1_135' title='bbox 646 1665 692 1718; x_wconf 90' lang='lat' dir='ltr'><strong>est</strong></span> <span class='ocrx_word' id='word_1_136' title='bbox 719 1677 808 1719; x_wconf 91' lang='lat' dir='ltr'><strong>sucus</strong></span> <span class='ocrx_word' id='word_1_137' title='bbox 836 1658 872 1719; x_wconf 92' lang='grc'><strong>(13</strong></span> <span class='ocrx_word' id='word_1_138' title='bbox 901 1661 993 1719; x_wconf 87' lang='grc'><strong>313113</strong></span> <span class='ocrx_word' id='word_1_139' title='bbox 1023 1658 1073 1718; x_wconf 94' lang='lat' dir='ltr'><strong>sil·</strong></span> 
     </span>
     <span class='ocr_line' id='line_1_18' title="bbox 59 1745 1072 1825; baseline 0 -19"><span class='ocrx_word' id='word_1_140' title='bbox 59 1749 165 1807; x_wconf 81' lang='lat' dir='ltr'><strong>vaticis</strong></span> <span class='ocrx_word' id='word_1_141' title='bbox 190 1764 264 1824; x_wconf 89' lang='lat' dir='ltr'><strong>quae</strong></span> <span class='ocrx_word' id='word_1_142' title='bbox 287 1746 409 1807; x_wconf 90' lang='lat' dir='ltr'><strong>collecta</strong></span> <span class='ocrx_word' id='word_1_143' title='bbox 432 1748 464 1805; x_wconf 93' lang='lat' dir='ltr'><strong>in</strong></span> <span class='ocrx_word' id='word_1_144' title='bbox 487 1745 593 1807; x_wconf 89' lang='lat' dir='ltr'><strong>cacabo</strong></span> <span class='ocrx_word' id='word_1_145' title='bbox 617 1747 716 1807; x_wconf 92' lang='lat' dir='ltr'><strong>triduo</strong></span> <span class='ocrx_word' id='word_1_146' title='bbox 741 1749 808 1807; x_wconf 91' lang='lat' dir='ltr'><strong>sint.</strong></span> <span class='ocrx_word' id='word_1_147' title='bbox 833 1754 937 1825; x_wconf 88' lang='lat' dir='ltr'><strong>quarta</strong></span> <span class='ocrx_word' id='word_1_148' title='bbox 956 1747 1003 1808; x_wconf 90' lang='lat' dir='ltr'><strong>die</strong></span> <span class='ocrx_word' id='word_1_149' title='bbox 1023 1765 1072 1807; x_wconf 84' lang='grc'><strong>31·</strong></span> 
     </span>
     <span class='ocr_line' id='line_1_19' title="bbox 58 1835 1074 1916; baseline -0.001 -20"><span class='ocrx_word' id='word_1_150' title='bbox 58 1835 210 1915; x_wconf 88' lang='lat' dir='ltr'><strong>primendi</strong></span> <span class='ocrx_word' id='word_1_151' title='bbox 233 1852 269 1895; x_wconf 86' lang='lat' dir='ltr'><strong>ex</strong></span> <span class='ocrx_word' id='word_1_152' title='bbox 292 1835 340 1894; x_wconf 94' lang='lat' dir='ltr'><strong>his</strong></span> <span class='ocrx_word' id='word_1_153' title='bbox 363 1837 485 1895; x_wconf 85' lang='lat' dir='ltr'><strong>sextarii</strong></span> <span class='ocrx_word' id='word_1_154' title='bbox 508 1853 567 1895; x_wconf 83' lang='lat' dir='ltr'><strong>sex.</strong></span> <span class='ocrx_word' id='word_1_155' title='bbox 592 1838 672 1896; x_wconf 92' lang='lat' dir='ltr'><strong>croci</strong></span> <span class='ocrx_word' id='word_1_156' title='bbox 695 1839 755 1897; x_wconf 76' lang='lat' dir='ltr'><strong>unc</strong></span> <span class='ocrx_word' id='word_1_157' title='bbox 768 1835 802 1916; x_wconf 94' lang='lat' dir='ltr'><strong>lI,</strong></span> <span class='ocrx_word' id='word_1_158' title='bbox 825 1835 963 1896; x_wconf 89' lang='lat' dir='ltr'><strong>aluminis</strong></span> <span class='ocrx_word' id='word_1_159' title='bbox 987 1837 1074 1896; x_wconf 91' lang='lat' dir='ltr'><strong>scissi</strong></span> 
     </span>
     <span class='ocr_line' id='line_1_20' title="bbox 59 1922 1073 2005; baseline -0.004 -19"><span class='ocrx_word' id='word_1_160' title='bbox 59 1923 145 2005; x_wconf 86' lang='lat'><em>÷11‚</em></span> <span class='ocrx_word' id='word_1_161' title='bbox 169 1925 289 1984; x_wconf 89' lang='lat' dir='ltr'><strong>corticis</strong></span> <span class='ocrx_word' id='word_1_162' title='bbox 312 1923 383 1984; x_wconf 92' lang='lat' dir='ltr'><strong>mali</strong></span> <span class='ocrx_word' id='word_1_163' title='bbox 405 1925 520 2002; x_wconf 87' lang='lat' dir='ltr'><strong>granati</strong></span> <span class='ocrx_word' id='word_1_164' title='bbox 542 1938 578 1984; x_wconf 84' lang='lat'><em>÷</em></span> <span class='ocrx_word' id='word_1_165' title='bbox 595 1923 634 1985; x_wconf 89' lang='grc' dir='ltr'><strong>Π.</strong></span> <span class='ocrx_word' id='word_1_166' title='bbox 665 1943 755 1986; x_wconf 85' lang='grc'><strong>33333</strong></span> <span class='ocrx_word' id='word_1_167' title='bbox 782 1923 819 1984; x_wconf 89' lang='lat' dir='ltr'><strong>de</strong></span> <span class='ocrx_word' id='word_1_168' title='bbox 842 1927 933 1984; x_wconf 92' lang='lat' dir='ltr'><strong>moris</strong></span> <span class='ocrx_word' id='word_1_169' title='bbox 962 1931 992 1983; x_wconf 96' lang='grc'><strong>31</strong></span> <span class='ocrx_word' id='word_1_170' title='bbox 1013 1922 1073 1983; x_wconf 91' lang='lat' dir='ltr'><strong>mel</strong></span> 
     </span>
     <span class='ocr_line' id='line_1_21' title="bbox 59 2011 1113 2091; baseline 0.001 -18"><span class='ocrx_word' id='word_1_171' title='bbox 59 2021 91 2073; x_wconf 90' lang='lat' dir='ltr'><strong>ct</strong></span> <span class='ocrx_word' id='word_1_172' title='bbox 113 2031 204 2073; x_wconf 93' lang='lat' dir='ltr'><strong>sucus</strong></span> <span class='ocrx_word' id='word_1_173' title='bbox 227 2011 381 2073; x_wconf 88' lang='lat' dir='ltr'><strong>labruscae</strong></span> <span class='ocrx_word' id='word_1_174' title='bbox 404 2012 480 2072; x_wconf 90' lang='lat' dir='ltr'><strong>bene</strong></span> <span class='ocrx_word' id='word_1_175' title='bbox 499 2014 729 2074; x_wconf 90' lang='lat' dir='ltr'><strong>commiscentur</strong></span> <span class='ocrx_word' id='word_1_176' title='bbox 752 2019 782 2072; x_wconf 91' lang='lat' dir='ltr'><strong>et</strong></span> <span class='ocrx_word' id='word_1_177' title='bbox 804 2011 946 2091; x_wconf 91' lang='lat' dir='ltr'><strong>colantur,</strong></span> <span class='ocrx_word' id='word_1_178' title='bbox 969 2019 999 2071; x_wconf 91' lang='lat' dir='ltr'><strong>et</strong></span> <span class='ocrx_word' id='word_1_179' title='bbox 1022 2012 1113 2074; x_wconf 81' lang='grc'><strong>(13-13</strong></span> 
     </span>
     <span class='ocr_line' id='line_1_22' title="bbox 62 2099 1071 2181; baseline 0 -21"><span class='ocrx_word' id='word_1_180' title='bbox 62 2120 153 2180; x_wconf 88' lang='lat' dir='ltr'><strong>super</strong></span> <span class='ocrx_word' id='word_1_181' title='bbox 170 2103 320 2178; x_wconf 89' lang='lat' dir='ltr'><strong>accipiunt</strong></span> <span class='ocrx_word' id='word_1_182' title='bbox 334 2103 404 2160; x_wconf 93' lang='lat' dir='ltr'><strong>trita</strong></span> <span class='ocrx_word' id='word_1_183' title='bbox 418 2108 448 2161; x_wconf 90' lang='lat' dir='ltr'><strong>ct</strong></span> <span class='ocrx_word' id='word_1_184' title='bbox 467 2099 626 2181; x_wconf 88' lang='lat' dir='ltr'><strong>cribellata,</strong></span> <span class='ocrx_word' id='word_1_185' title='bbox 645 2109 675 2161; x_wconf 90' lang='grc'><strong>31</strong></span> <span class='ocrx_word' id='word_1_186' title='bbox 697 2107 835 2162; x_wconf 84' lang='grc'><strong>13133131</strong></span> <span class='ocrx_word' id='word_1_187' title='bbox 853 2108 883 2160; x_wconf 90' lang='grc'><strong>31</strong></span> <span class='ocrx_word' id='word_1_188' title='bbox 901 2103 1071 2179; x_wconf 91' lang='lat' dir='ltr'><strong>iunguntur.</strong></span> 
     </span>
     <span class='ocr_line' id='line_1_23' title="bbox 64 2188 1073 2250; baseline 0 -1"><span class='ocrx_word' id='word_1_189' title='bbox 64 2208 183 2250; x_wconf 92' lang='lat' dir='ltr'><strong>crocum</strong></span> <span class='ocrx_word' id='word_1_190' title='bbox 207 2197 275 2249; x_wconf 91' lang='grc'><strong>3313</strong></span> <span class='ocrx_word' id='word_1_191' title='bbox 298 2189 430 2250; x_wconf 89' lang='lat' dir='ltr'><strong>triduum</strong></span> <span class='ocrx_word' id='word_1_192' title='bbox 451 2189 619 2250; x_wconf 83' lang='lat' dir='ltr'><strong>infunditur</strong></span> <span class='ocrx_word' id='word_1_193' title='bbox 642 2192 674 2250; x_wconf 94' lang='lat' dir='ltr'><strong>in</strong></span> <span class='ocrx_word' id='word_1_194' title='bbox 702 2208 772 2250; x_wconf 90' lang='lat' dir='ltr'><strong>suco</strong></span> <span class='ocrx_word' id='word_1_195' title='bbox 800 2188 952 2249; x_wconf 88' lang='lat' dir='ltr'><strong>labruscae</strong></span> <span class='ocrx_word' id='word_1_196' title='bbox 975 2197 1009 2249; x_wconf 90' lang='lat' dir='ltr'><strong>ut</strong></span> <span class='ocrx_word' id='word_1_197' title='bbox 1032 2189 1073 2249; x_wconf 88' lang='grc'><strong>13-</strong></span> 
     </span>
     <span class='ocr_line' id='line_1_24' title="bbox 61 2278 1073 2358; baseline 0 -19"><span class='ocrx_word' id='word_1_198' title='bbox 61 2278 118 2339; x_wconf 89' lang='grc'><strong>3113</strong></span> <span class='ocrx_word' id='word_1_199' title='bbox 141 2281 199 2338; x_wconf 84' lang='grc'><strong>1311</strong></span> <span class='ocrx_word' id='word_1_200' title='bbox 222 2281 325 2357; x_wconf 93' lang='lat' dir='ltr'><strong>possit.</strong></span> <span class='ocrx_word' id='word_1_201' title='bbox 358 2279 479 2339; x_wconf 89' lang='lat' dir='ltr'><strong>decocta</strong></span> <span class='ocrx_word' id='word_1_202' title='bbox 502 2278 591 2339; x_wconf 91' lang='lat' dir='ltr'><strong>simul</strong></span> <span class='ocrx_word' id='word_1_203' title='bbox 608 2297 703 2358; x_wconf 88' lang='lat' dir='ltr'><strong>usquc</strong></span> <span class='ocrx_word' id='word_1_204' title='bbox 722 2279 757 2338; x_wconf 95' lang='lat' dir='ltr'><strong>ad</strong></span> <span class='ocrx_word' id='word_1_205' title='bbox 775 2279 879 2348; x_wconf 85' lang='lat' dir='ltr'><strong>tertias</strong></span> <span class='ocrx_word' id='word_1_206' title='bbox 897 2280 991 2338; x_wconf 87' lang='lat' dir='ltr'><strong>vitreo</strong></span> <span class='ocrx_word' id='word_1_207' title='bbox 1012 2297 1073 2339; x_wconf 91' lang='lat' dir='ltr'><strong>scr·</strong></span> 
     </span>
     <span class='ocr_line' id='line_1_25' title="bbox 60 2367 1074 2446; baseline 0.001 -20"><span class='ocrx_word' id='word_1_208' title='bbox 60 2367 155 2428; x_wconf 82' lang='lat' dir='ltr'><strong>vanda</strong></span> <span class='ocrx_word' id='word_1_209' title='bbox 180 2374 256 2427; x_wconf 92' lang='lat' dir='ltr'><strong>sunt.</strong></span> <span class='ocrx_word' id='word_1_210' title='bbox 281 2367 351 2427; x_wconf 87' lang='grc'><strong>13311</strong></span> <span class='ocrx_word' id='word_1_211' title='bbox 374 2367 409 2427; x_wconf 89' lang='lat' dir='ltr'><strong>ad</strong></span> <span class='ocrx_word' id='word_1_212' title='bbox 429 2367 558 2428; x_wconf 81' lang='lat' dir='ltr'><strong>saucium</strong></span> <span class='ocrx_word' id='word_1_213' title='bbox 576 2368 697 2428; x_wconf 86' lang='lat' dir='ltr'><strong>vulnera</strong></span> <span class='ocrx_word' id='word_1_214' title='bbox 716 2376 746 2427; x_wconf 92' lang='lat' dir='ltr'><strong>ct</strong></span> <span class='ocrx_word' id='word_1_215' title='bbox 764 2369 855 2428; x_wconf 90' lang='lat' dir='ltr'><strong>totius</strong></span> <span class='ocrx_word' id='word_1_216' title='bbox 879 2369 948 2446; x_wconf 91' lang='lat' dir='ltr'><strong>oris,</strong></span> <span class='ocrx_word' id='word_1_217' title='bbox 973 2367 1025 2427; x_wconf 89' lang='lat' dir='ltr'><strong>sed</strong></span> <span class='ocrx_word' id='word_1_218' title='bbox 1044 2374 1074 2427; x_wconf 90' lang='lat' dir='ltr'><strong>ct</strong></span> 
     </span>
     <span class='ocr_line' id='line_1_26' title="bbox 59 2456 1114 2535; baseline 0.002 -18"><span class='ocrx_word' id='word_1_219' title='bbox 59 2458 96 2517; x_wconf 91' lang='lat' dir='ltr'><strong>ad</strong></span> <span class='ocrx_word' id='word_1_220' title='bbox 120 2473 228 2516; x_wconf 89' lang='lat' dir='ltr'><strong>carnes</strong></span> <span class='ocrx_word' id='word_1_221' title='bbox 251 2474 327 2534; x_wconf 85' lang='lat' dir='ltr'><strong>quae</strong></span> <span class='ocrx_word' id='word_1_222' title='bbox 352 2474 440 2535; x_wconf 89' lang='lat' dir='ltr'><strong>supra</strong></span> <span class='ocrx_word' id='word_1_223' title='bbox 463 2456 568 2516; x_wconf 87' lang='lat' dir='ltr'><strong>dentes</strong></span> <span class='ocrx_word' id='word_1_224' title='bbox 591 2463 761 2517; x_wconf 92' lang='lat' dir='ltr'><strong>nascuntur.</strong></span> <span class='ocrx_word' id='word_1_225' title='bbox 1088 2477 1114 2519; x_wconf 79' lang='grc'><strong>31</strong></span> 
     </span>
     <span class='ocr_line' id='line_1_27' title="bbox 11 2537 1073 2626; baseline 0.007 -27"><span class='ocrx_word' id='word_1_226' title='bbox 11 2537 49 2600; x_wconf 82' lang='grc'><strong>19</strong></span> <span class='ocrx_word' id='word_1_227' title='bbox 151 2545 305 2623; x_wconf 78' lang='lat' dir='ltr'><strong>hcopum</strong></span> <span class='ocrx_word' id='word_1_228' title='bbox 329 2544 496 2605; x_wconf 91' lang='lat' dir='ltr'><strong>diacissu.</strong></span> <span class='ocrx_word' id='word_1_229' title='bbox 526 2544 614 2606; x_wconf 90' lang='lat' dir='ltr'><strong>bacas</strong></span> <span class='ocrx_word' id='word_1_230' title='bbox 637 2545 713 2606; x_wconf 90' lang='lat' dir='ltr'><strong>lauri</strong></span> <span class='ocrx_word' id='word_1_231' title='bbox 732 2563 855 2606; x_wconf 89' lang='lat' dir='ltr'><strong>numero</strong></span> <span class='ocrx_word' id='word_1_232' title='bbox 875 2544 906 2626; x_wconf 81' lang='lat' dir='ltr'><strong>C,</strong></span> <span class='ocrx_word' id='word_1_233' title='bbox 928 2545 1004 2624; x_wconf 93' lang='lat' dir='ltr'><strong>pilas</strong></span> <span class='ocrx_word' id='word_1_234' title='bbox 1023 2565 1073 2606; x_wconf 92' lang='lat' dir='ltr'><strong>cu·</strong></span> 
     </span>
     <span class='ocr_line' id='line_1_28' title="bbox 58 2632 1073 2714; baseline 0.001 -20"><span class='ocrx_word' id='word_1_235' title='bbox 58 2636 159 2713; x_wconf 90' lang='lat' dir='ltr'><strong>pressi</strong></span> <span class='ocrx_word' id='word_1_236' title='bbox 182 2632 260 2693; x_wconf 70' lang='lat' dir='ltr'><strong>uum</strong></span> <span class='ocrx_word' id='word_1_237' title='bbox 273 2633 335 2714; x_wconf 89' lang='lat' dir='ltr'><strong>XX,</strong></span> <span class='ocrx_word' id='word_1_238' title='bbox 357 2632 465 2693; x_wconf 88' lang='lat' dir='ltr'><strong>herbae</strong></span> <span class='ocrx_word' id='word_1_239' title='bbox 490 2633 609 2694; x_wconf 91' lang='lat' dir='ltr'><strong>sabinae</strong></span> <span class='ocrx_word' id='word_1_240' title='bbox 628 2634 766 2695; x_wconf 83' lang='lat' dir='ltr'><strong>loliorum</strong></span> <span class='ocrx_word' id='word_1_241' title='bbox 787 2634 894 2695; x_wconf 91' lang='lat' dir='ltr'><strong>libram</strong></span> <span class='ocrx_word' id='word_1_242' title='bbox 911 2634 934 2714; x_wconf 95' lang='grc'><strong>1,</strong></span> <span class='ocrx_word' id='word_1_243' title='bbox 957 2637 1073 2695; x_wconf 88' lang='lat' dir='ltr'><strong>resinae</strong></span> 
     </span>
     <span class='ocr_line' id='line_1_29' title="bbox 59 2719 1073 2804; baseline 0 -21"><span class='ocrx_word' id='word_1_244' title='bbox 59 2725 195 2802; x_wconf 91' lang='lat' dir='ltr'><strong>pituinae</strong></span> <span class='ocrx_word' id='word_1_245' title='bbox 219 2719 261 2782; x_wconf 85' lang='lat' dir='ltr'><strong>lib</strong></span> <span class='ocrx_word' id='word_1_246' title='bbox 280 2723 301 2803; x_wconf 96' lang='lat' dir='ltr'><strong>l,</strong></span> <span class='ocrx_word' id='word_1_247' title='bbox 327 2724 469 2800; x_wconf 81' lang='lat' dir='ltr'><strong>germinis</strong></span> <span class='ocrx_word' id='word_1_248' title='bbox 496 2723 623 2783; x_wconf 86' lang='lat' dir='ltr'><strong>hederae</strong></span> <span class='ocrx_word' id='word_1_249' title='bbox 650 2721 710 2784; x_wconf 71' lang='lat' dir='ltr'><strong>unc</strong></span> <span class='ocrx_word' id='word_1_250' title='bbox 727 2723 793 2804; x_wconf 87' lang='lat' dir='ltr'><strong>llll,</strong></span> <span class='ocrx_word' id='word_1_251' title='bbox 822 2723 878 2783; x_wconf 90' lang='lat' dir='ltr'><strong>olei</strong></span> <span class='ocrx_word' id='word_1_252' title='bbox 908 2723 1073 2783; x_wconf 89' lang='lat' dir='ltr'><strong>sabinensis</strong></span> 
     </span>
     <span class='ocr_line' id='line_1_30' title="bbox 60 2808 1074 2892; baseline 0 -22"><span class='ocrx_word' id='word_1_253' title='bbox 60 2809 102 2873; x_wconf 84' lang='lat' dir='ltr'><strong>lib</strong></span> <span class='ocrx_word' id='word_1_254' title='bbox 121 2811 186 2890; x_wconf 92' lang='lat' dir='ltr'><strong>llll,</strong></span> <span class='ocrx_word' id='word_1_255' title='bbox 200 2812 279 2870; x_wconf 87' lang='lat' dir='ltr'><strong>faeni</strong></span> <span class='ocrx_word' id='word_1_256' title='bbox 294 2813 392 2889; x_wconf 90' lang='lat' dir='ltr'><strong>graeci</strong></span> <span class='ocrx_word' id='word_1_257' title='bbox 411 2814 572 2871; x_wconf 83' lang='lat' dir='ltr'><strong>sextarium</strong></span> <span class='ocrx_word' id='word_1_258' title='bbox 586 2811 608 2892; x_wconf 95' lang='grc'><strong>1,</strong></span> <span class='ocrx_word' id='word_1_259' title='bbox 631 2830 716 2872; x_wconf 89' lang='grc'><strong>33133</strong></span> <span class='ocrx_word' id='word_1_260' title='bbox 736 2811 845 2873; x_wconf 87' lang='lat' dir='ltr'><strong>rubeae</strong></span> <span class='ocrx_word' id='word_1_261' title='bbox 859 2808 901 2871; x_wconf 85' lang='lat' dir='ltr'><strong>lib</strong></span> <span class='ocrx_word' id='word_1_262' title='bbox 916 2811 937 2891; x_wconf 95' lang='lat' dir='ltr'><strong>l,</strong></span> <span class='ocrx_word' id='word_1_263' title='bbox 956 2818 1074 2890; x_wconf 86' lang='lat' dir='ltr'><strong>practer</strong></span> 
     </span>
     <span class='ocr_line' id='line_1_31' title="bbox 60 2900 1114 2976; baseline 0 -16"><span class='ocrx_word' id='word_1_264' title='bbox 60 2901 134 2961; x_wconf 91' lang='lat' dir='ltr'><strong>haec</strong></span> <span class='ocrx_word' id='word_1_265' title='bbox 149 2902 269 2960; x_wconf 89' lang='lat' dir='ltr'><strong>cummi.</strong></span> <span class='ocrx_word' id='word_1_266' title='bbox 293 2902 423 2960; x_wconf 89' lang='lat' dir='ltr'><strong>resinam</strong></span> <span class='ocrx_word' id='word_1_267' title='bbox 442 2908 471 2959; x_wconf 92' lang='grc'><strong>31</strong></span> <span class='ocrx_word' id='word_1_268' title='bbox 490 2919 589 2960; x_wconf 88' lang='grc'><strong>331331</strong></span> <span class='ocrx_word' id='word_1_269' title='bbox 607 2903 638 2960; x_wconf 89' lang='grc'><strong>13</strong></span> <span class='ocrx_word' id='word_1_270' title='bbox 658 2900 765 2960; x_wconf 91' lang='lat' dir='ltr'><strong>cacabo</strong></span> <span class='ocrx_word' id='word_1_271' title='bbox 784 2900 916 2960; x_wconf 84' lang='lat' dir='ltr'><strong>infundis</strong></span> <span class='ocrx_word' id='word_1_272' title='bbox 931 2901 962 2958; x_wconf 93' lang='lat' dir='ltr'><strong>in</strong></span> <span class='ocrx_word' id='word_1_273' title='bbox 981 2917 1072 2976; x_wconf 90' lang='lat' dir='ltr'><strong>aquae</strong></span> <span class='ocrx_word' id='word_1_274' title='bbox 1085 2921 1114 2960; x_wconf 84' lang='grc'><strong>33</strong></span> 
     </span>
     <span class='ocr_line' id='line_1_32' title="bbox 60 2988 1073 3067; baseline -0.003 -18"><span class='ocrx_word' id='word_1_275' title='bbox 60 2989 200 3049; x_wconf 85' lang='grc'><strong>13313333</strong></span> <span class='ocrx_word' id='word_1_276' title='bbox 225 2991 361 3048; x_wconf 83' lang='grc'><strong>3311131113</strong></span> <span class='ocrx_word' id='word_1_277' title='bbox 379 2988 406 3048; x_wconf 97' lang='lat' dir='ltr'><strong>ll</strong></span> <span class='ocrx_word' id='word_1_278' title='bbox 425 2997 454 3048; x_wconf 90' lang='grc'><strong>31</strong></span> <span class='ocrx_word' id='word_1_279' title='bbox 477 2988 534 3048; x_wconf 88' lang='grc'><strong>3131</strong></span> <span class='ocrx_word' id='word_1_280' title='bbox 555 2989 639 3049; x_wconf 91' lang='lat' dir='ltr'><strong>libris</strong></span> <span class='ocrx_word' id='word_1_281' title='bbox 658 2989 710 3048; x_wconf 96' lang='lat' dir='ltr'><strong>llll</strong></span> <span class='ocrx_word' id='word_1_282' title='bbox 728 3007 783 3067; x_wconf 89' lang='lat' dir='ltr'><strong>per</strong></span> <span class='ocrx_word' id='word_1_283' title='bbox 805 2988 944 3048; x_wconf 91' lang='lat' dir='ltr'><strong>triduum.</strong></span> <span class='ocrx_word' id='word_1_284' title='bbox 970 2995 1073 3064; x_wconf 90' lang='lat' dir='ltr'><strong>quarta</strong></span> 
     </span>
    </p>
   </div>
   <div class='ocr_carea' id='block_1_4' title="bbox 61 3190 1077 3703">
    <p class='ocr_par' dir='ltr' id='par_1_4' title="bbox 61 3190 1074 3621">
     <span class='ocr_line' id='line_1_33' title="bbox 133 3190 1074 3261; baseline -0.003 -13"><span class='ocrx_word' id='word_1_285' title='bbox 133 3203 147 3248; x_wconf 92' lang='lat'>1</span> <span class='ocrx_word' id='word_1_286' title='bbox 169 3193 336 3248; x_wconf 81' lang='lat' dir='ltr'><strong>anthidotos</strong></span> <span class='ocrx_word' id='word_1_287' title='bbox 354 3195 390 3249; x_wconf 95' lang='grc' dir='ltr'>Β</span> <span class='ocrx_word' id='word_1_288' title='bbox 463 3201 478 3248; x_wconf 83' lang='grc'><strong>1</strong></span> <span class='ocrx_word' id='word_1_289' title='bbox 498 3192 663 3248; x_wconf 84' lang='lat' dir='ltr'><strong>calamentis</strong></span> <span class='ocrx_word' id='word_1_290' title='bbox 681 3195 718 3247; x_wconf 97' lang='grc' dir='ltr'><strong>Β.</strong></span> <span class='ocrx_word' id='word_1_291' title='bbox 789 3190 878 3261; x_wconf 88' lang='lat' dir='ltr'><strong>puleii</strong></span> <span class='ocrx_word' id='word_1_292' title='bbox 896 3191 932 3245; x_wconf 93' lang='lat' dir='ltr'><strong>B.</strong></span> <span class='ocrx_word' id='word_1_293' title='bbox 1004 3191 1074 3246; x_wconf 79' lang='grc'><strong>411·</strong></span> 
     </span>
     <span class='ocr_line' id='line_1_34' title="bbox 61 3262 1001 3334; baseline -0.003 -14"><span class='ocrx_word' id='word_1_294' title='bbox 61 3265 157 3321; x_wconf 82' lang='grc'><strong>11131131</strong></span> <span class='ocrx_word' id='word_1_295' title='bbox 177 3267 214 3321; x_wconf 91' lang='grc' dir='ltr'>Β</span> <span class='ocrx_word' id='word_1_296' title='bbox 287 3265 359 3334; x_wconf 86' lang='lat' dir='ltr'><strong>tymi</strong></span> <span class='ocrx_word' id='word_1_297' title='bbox 378 3265 459 3334; x_wconf 85' lang='lat' dir='ltr'><strong>spani</strong></span> <span class='ocrx_word' id='word_1_298' title='bbox 478 3267 513 3320; x_wconf 93' lang='grc' dir='ltr'><strong>Β.</strong></span> <span class='ocrx_word' id='word_1_299' title='bbox 586 3262 751 3333; x_wconf 78' lang='lat' dir='ltr'><strong>dgingiber</strong></span> <span class='ocrx_word' id='word_1_300' title='bbox 768 3264 796 3318; x_wconf 92' lang='lat' dir='ltr'><strong><em>B</em></strong></span> <span class='ocrx_word' id='word_1_301' title='bbox 811 3265 886 3330; x_wconf 79' lang='lat' dir='ltr'><strong>(item</strong></span> <span class='ocrx_word' id='word_1_302' title='bbox 903 3264 1001 3330; x_wconf 80' lang='lat' dir='ltr'><strong>infra).</strong></span> 
     </span>
     <span class='ocr_line' id='line_1_35' title="bbox 63 3332 1073 3405; baseline 0 -15"><span class='ocrx_word' id='word_1_303' title='bbox 63 3344 93 3392; x_wconf 78' lang='lat' dir='ltr'><strong>tt</strong></span> <span class='ocrx_word' id='word_1_304' title='bbox 112 3337 272 3392; x_wconf 74' lang='lat' dir='ltr'><strong>Dismaron</strong></span> <span class='ocrx_word' id='word_1_305' title='bbox 290 3335 376 3405; x_wconf 85' lang='lat' dir='ltr'><strong>aplon</strong></span> <span class='ocrx_word' id='word_1_306' title='bbox 394 3337 429 3392; x_wconf 93' lang='grc' dir='ltr'><strong>Β.</strong></span> <span class='ocrx_word' id='word_1_307' title='bbox 535 3341 567 3388; x_wconf 79' lang='lat' dir='ltr'><strong>lt</strong></span> <span class='ocrx_word' id='word_1_308' title='bbox 587 3334 742 3389; x_wconf 85' lang='lat' dir='ltr'><strong>obduratur</strong></span> <span class='ocrx_word' id='word_1_309' title='bbox 759 3336 787 3389; x_wconf 91' lang='grc' dir='ltr'>Β</span> <span class='ocrx_word' id='word_1_310' title='bbox 806 3332 996 3404; x_wconf 80' lang='lat' dir='ltr'><strong>(obturabitur</strong></span> <span class='ocrx_word' id='word_1_311' title='bbox 1014 3335 1073 3404; x_wconf 77' lang='grc'><strong>(11.1.</strong></span> 
     </span>
     <span class='ocr_line' id='line_1_36' title="bbox 64 3403 1001 3486; baseline -0.004 -24"><span class='ocrx_word' id='word_1_312' title='bbox 64 3414 94 3463; x_wconf 83' lang='lat' dir='ltr'><strong>ts</strong></span> <span class='ocrx_word' id='word_1_313' title='bbox 112 3408 273 3463; x_wconf 80' lang='lat' dir='ltr'><strong>Diamaron</strong></span> <span class='ocrx_word' id='word_1_314' title='bbox 295 3408 331 3462; x_wconf 93' lang='grc' dir='ltr'><strong>Β.</strong></span> <span class='ocrx_word' id='word_1_315' title='bbox 449 3412 479 3460; x_wconf 84' lang='grc'><strong>19</strong></span> <span class='ocrx_word' id='word_1_316' title='bbox 499 3405 688 3486; x_wconf 79' lang='lat' dir='ltr'><strong>malogranati</strong></span> <span class='ocrx_word' id='word_1_317' title='bbox 702 3406 738 3460; x_wconf 93' lang='grc' dir='ltr'><strong>Β.</strong></span> <span class='ocrx_word' id='word_1_318' title='bbox 863 3403 947 3458; x_wconf 86' lang='lat' dir='ltr'><strong>melle</strong></span> <span class='ocrx_word' id='word_1_319' title='bbox 967 3407 1001 3461; x_wconf 93' lang='lat' dir='ltr'><em>B</em></span> 
     </span>
     <span class='ocr_line' id='line_1_37' title="bbox 61 3475 1077 3583; baseline 0 -51"><span class='ocrx_word' id='word_1_320' title='bbox 61 3484 94 3532; x_wconf 86' lang='grc'><strong>11</strong></span> <span class='ocrx_word' id='word_1_321' title='bbox 112 3485 198 3534; x_wconf 76' lang='lat' dir='ltr'><strong>crocia</strong></span> <span class='ocrx_word' id='word_1_322' title='bbox 217 3480 254 3534; x_wconf 89' lang='grc' dir='ltr'>Β</span> <span class='ocrx_word' id='word_1_323' title='bbox 323 3484 357 3532; x_wconf 85' lang='grc'><strong>16</strong></span> <span class='ocrx_word' id='word_1_324' title='bbox 376 3479 498 3534; x_wconf 84' lang='lat' dir='ltr'><strong>diacissu</strong></span> <span class='ocrx_word' id='word_1_325' title='bbox 517 3479 553 3533; x_wconf 93' lang='grc' dir='ltr'><strong>Β.</strong></span> <span class='ocrx_word' id='word_1_326' title='bbox 607 3475 723 3545; x_wconf 85' lang='lat' dir='ltr'><strong>cipressi</strong></span> <span class='ocrx_word' id='word_1_327' title='bbox 742 3477 778 3534; x_wconf 88' lang='grc' dir='ltr'>Β</span> <span class='ocrx_word' id='word_1_328' title='bbox 841 3481 884 3530; x_wconf 78' lang='grc'><strong>11</strong></span> <span class='ocrx_word' id='word_1_329' title='bbox 904 3476 1018 3532; x_wconf 86' lang='lat' dir='ltr'><strong>sauinae</strong></span> <span class='ocrx_word' id='word_1_330' title='bbox 1033 3477 1077 3583; x_wconf 83' lang='lat' dir='ltr'><strong> .&#39;B</strong></span> 
     </span>
     <span class='ocr_line' id='line_1_38' title="bbox 64 3550 472 3621; baseline 0.003 -17"><span class='ocrx_word' id='word_1_331' title='bbox 64 3555 96 3604; x_wconf 81' lang='lat'><strong>30</strong></span> <span class='ocrx_word' id='word_1_332' title='bbox 109 3568 219 3621; x_wconf 80' lang='lat' dir='ltr'><strong>gummi</strong></span> <span class='ocrx_word' id='word_1_333' title='bbox 209 3550 261 3605; x_wconf 87' lang='grc' dir='ltr'>’Β</span> <span class='ocrx_word' id='word_1_334' title='bbox 281 3551 357 3618; x_wconf 80' lang='lat' dir='ltr'><strong>(item</strong></span> <span class='ocrx_word' id='word_1_335' title='bbox 374 3552 472 3617; x_wconf 80' lang='lat' dir='ltr'><strong>infra).</strong></span> 
     </span>
    </p>

    <p class='ocr_par' dir='ltr' id='par_1_5' title="bbox 115 3643 933 3703">
     <span class='ocr_line' id='line_1_39' title="bbox 115 3643 933 3703; baseline 0.001 -11"><span class='ocrx_word' id='word_1_336' title='bbox 115 3650 252 3694; x_wconf 66' lang='lat' dir='ltr'><strong>&#39;theodorus</strong></span> <span class='ocrx_word' id='word_1_337' title='bbox 266 3648 543 3703; x_wconf 68' lang='grc'><strong>11113113133111333.</strong></span> <span class='ocrx_word' id='word_1_338' title='bbox 890 3643 933 3693; x_wconf 60' lang='lat' dir='ltr'><strong>‘hb</strong></span> 
     </span>
    </p>
   </div>
   <div class='ocr_carea' id='block_1_5' title="bbox 0 0 1211 3922">
    <p class='ocr_par' dir='ltr' id='par_1_6' title="bbox 0 0 1211 3922">
     <span class='ocr_line' id='line_1_40' title="bbox 0 0 1211 3922; baseline 0 0"><span class='ocrx_word' id='word_1_339' title='bbox 0 0 1211 3922; x_wconf 95' lang='lat' dir='ltr'><strong> </strong></span> 
     </span>
    </p>
   </div>
  </div>
 </body>
</html>
