2392 3922
408 128 411 133 ⁴
481 164 655 217 -rnrsmn
1017 162 1083 228 255

155 327 230 388 lrcec
258 327 516 409 epilemptieorum
545 335 703 414 praecepte
735 346 770 388 ex
802 327 926 408 probata
957 331 1085 391 remedii

66 434 140 477 eura
159 414 313 498 disposite,
333 417 439 478 deinde
454 417 569 497 relique
583 424 616 477 ut
634 424 738 498 potero
752 433 825 497 vaga
843 422 873 478 et
892 413 1087 480 disseminate

63 505 199 566 remedia
223 505 385 585 designabo
408 505 530 567 collecta
545 553 551 567 .
566 553 573 566 .
589 553 596 566 .

61 675 162 731 ordine
175 677 289 747 nepeta
302 677 422 731 remedio
435 679 579 759 proponit)
595 677 612 732 l.
627 694 648 733 c.
662 678 823 734 dorsetiam
832 678 913 734 addit
924 677 995 748 'quae
1003 679 1086 751 ipro—

60 752 109 802 rut
121 747 181 802 eod.
195 747 237 805 B:
257 746 311 802 Gor
328 746 448 801 vulturis
462 749 561 802 tritum
580 764 643 802 cnm
666 761 741 817 eque
760 747 841 802 debis
863 747 961 804 bibere
985 752 1014 804 et
1036 767 1080 804 se-

60 816 155 872 nubis.
192 817 266 872 Item
288 817 409 872 vulturis
429 833 476 873 cor
494 821 524 874 et
546 835 614 889 epar
632 821 661 874 et
682 818 779 890 pulmo
798 818 854 874 levi
871 834 972 890 ptume
993 837 1080 890 repo-

61 890 161 943 rentnr
187 891 218 943 et
247 890 429 944 conteruntur
458 891 486 944 et
513 907 577 944 cnm
605 889 743 960 oxymelle
774 889 855 961 potui
883 891 950 947 dato
982 891 1082 946 stetim

60 958 232 1031 epilempsiu
251 958 410 1016 excluditur
423 962 468 1029 (ex
481 962 552 1028 alif.
567 961 659 1032 fonte).
680 963 714 1030 of.
734 961 814 1017 Pete.
829 966 874 1031 30,
888 965 937 1020 22.

134 1056 148 1104 1
170 1051 267 1105 emet
284 1046 320 1105 B.
393 1054 409 1103 3
429 1048 549 1105 collecte
563 1049 719 1120 designabo
737 1050 809 1107 Neu.
868 1062 871 1067 ’

492 1175 653 1189 —n-——h-o

134 1263 184 1317 Ex
212 1263 269 1318 cod.
293 1256 384 1334 Lop'd.
409 1265 474 1337 But.
498 1264 572 1320 Vose.
596 1265 644 1319 lat.
668 1264 715 1332 fol.
732 1267 768 1320 85
789 1264 838 1331 (ool
859 1264 941 1331 finem
963 1280 1022 1333 cop.
1046 1265 1084 1320 de

62 1333 244 1404 retemperet
263 1335 327 1389 libri
336 1335 395 1389 ΙΙΙ.
410 1335 456 1394 Pe.
474 1333 587 1403 Galerii)
602 1336 622 1402 f.
635 1340 677 1390 ib:
698 1337 714 1404 (.
726 1378 749 1390 ..
765 1334 839 1389 sicut
853 1351 938 1405 supra
956 1333 1084 1388 diximus

61 1402 243 1474 stomaticis.)
266 1403 384 1474 Gegatis
412 1403 486 1476 lepis
510 1407 649 1459 emmotns
672 1404 822 1477 fumigium
845 1421 955 1476 semper
980 1422 1106 1476 repen·

59 1474 130 1529 tinis
146 1474 274 1529 ,ossibus
302 1475 423 1530 maiores
450 1475 540 1548 npstri
566 1476 733 1546 publicabit.
770 1477 823 1532 hoc
851 1478 881 1530 et
901 1477 943 1531 -de
967 1477 1085 1532 araneis>

58 1546 213 1614 parietum.
223 1583 228 1597 .
237 1547 266 1600 et
280 1546 315 1600 de
330 1553 451 1602 stercore
465 1547 543 1601 cenis
557 1547 708 1617 fumigium
720 1547 782 1603 fieri
796 1549 914 1603 constet.
939 1550 969 1603 et
982 1550 1078 1603 eceoie

58 1634 229 1704 pul(rerem)
248 1633 273 1688 si
292 1652 355 1690 cum
373 1651 448 1704 uque
472 1635 566 1690 calida
589 1636 755 1707 acceperint.
794 1637 861 1690 dum
879 1637 999 1707 correpti
1017 1637 1076 1692 fue-

23 1749 27 1759 .
58 1705 118 1759 rint
141 1705 277 1760 continno
299 1705 464 1761 liberentur.
502 1705 555 1761 Cor
575 1706 697 1762 vulturis
723 1706 831 1781 tritum¹
850 1725 884 1762 ex
911 1725 986 1776 eque
1009 1707 1076 1762 dato

58 1777 167 1832 bssrere.
196 1779 227 1831 et
243 1788 309 1831 mox
328 1776 481 1832 sanabitur.
519 1778 591 1832 Item
608 1777 728 1832 vulturis
747 1795 795 1834 cor
812 1780 842 1832 et
860 1788 935 1848 epar.
969 1780 998 1832 et
1010 1779 1076 1848 pul-

59 1865 127 1901 mon
153 1846 213 1902 leni
235 1865 327 1929 pruna
348 1851 511 1918 vaporeture
536 1850 567 1903 et
588 1848 619 1903 in
641 1866 728 1902 unum
754 1849 907 1903 contritum
930 1866 994 1903 cum
1017 1848 1076 1902 oxi-

58 1918 145 1973 melle
163 1920 246 1989 potm
265 1919 341 1975 dato.
370 1919 467 1973 stetim
487 1919 650 1990 epilempsia
667 1919 833 1975 excluditur.
861 1919 907 1974 Sic
926 1919 1075 1989 coagulum

61 1989 167 2060 leporis
177 1989 208 2042 in
217 1991 332 2045 modum
346 1989 428 2060 grani
441 1989 522 2045 herbi
531 1992 581 2061 per'
595 1990 663 2046 dies.
673 1991 758 2046 XXX.
768 1991 844 2044 horis
857 1989 1082 2045 matutinalibus.

58 2061 254 2114 ministratum
281 2061 464 2131 epylemtieos
496 2061 637 2116 liberabit.
675 2063 818 2132 expertum
846 2063 891 2115 est
917 2063 946 2115 et
974 2060 1075 2129 peonie

59 2131 144 2185 radix
164 2131 188 2184 si
207 2131 333 2186 lunatico
352 2133 420 2186 dum
438 2135 581 2203 correptus
603 2132 689 2187 fuerit
707 2132 812 2186 iacenti
829 2131 861 2186 in
879 2131 951 2186 collo
969 2131 1075 2201 ligetur

60 2202 161 2258 stetim
180 2202 305 2258 sedebat.
325 2205 357 2258 ut
376 2220 461 2258 sanus
482 2205 510 2258 et
528 2204 664 2272 quamdiu
683 2221 746 2258 eam
763 2202 887 2257 radicem
911 2218 1006 2256 seeum
1024 2202 1080 2256 he·-

58 2274 163 2328 bnerit.
183 2290 338 2343 numquam
352 2274 379 2328 ei
393 2274 502 2345 aliquid
516 2275 622 2330 melum
636 2275 746 2330 accidet
763 2275 817 2328 hoc
831 2275 962 2345 expertus
976 2276 1074 2328 auctor

130 2416 260 2485 Sequitur
278 2415 349 2470 Item
368 2416 403 2470 de
417 2415 600 2488 epylemticis.
624 2404 719 2471 Variis
733 2415 897 2471 nominibus·
913 2416 965 2472 hee
977 2415 1077 2488 passio

57 2488 227 2556 nuncupate
245 2487 288 2540 est
360 2489 403 2555 (ex
424 2488 476 2544 Te.
496 2487 542 2542 Pe.
557 2491 655 2558 2,15).

55 2646 109 2701 Ex
140 2645 274 2716 reliqua
302 2621 523 2718 Physicorom
555 2648 639 2703 libri
663 2654 764 2719 parte
796 2649 976 2720 deperdita
1003 2651 1072 2719 ipre
1128 2707 1131 2710 ,

303 2717 494 2773 Theodorus
512 2719 593 2774 haec
610 2727 837 2780 commemorat

52 2812 167 2875 praeter
185 2822 206 2861 c.
222 2806 264 2863 II.
276 2807 349 2876 quod
365 2800 502 2863 servatoru
517 2814 556 2864 cst
575 2809 608 2864 de
626 2810 810 2881 epilempticie‚
829 2810 862 2864 de
880 2825 932 2879 quo
950 2812 990 2864 sic

439 2897 456 2950 l.
470 2894 512 2951 Π.
532 2913 554 2952 c.
570 2901 606 2952 15
617 2901 689 2967 (48).-

54 3029 59 3037 .
73 3030 78 3037 .
91 3026 96 3036 .
107 2982 194 3037 huius
214 2982 319 3037 etenim
337 2999 440 3038 causae
457 2984 649 3056 magnitudini
663 2986 771 3041 maiore
784 2987 850 3040 sunt
864 2988 893 3038 et
911 2983 1070 3052 frequentia

54 3053 200 3108 adiutoria
221 3053 404 3124 providende.
441 3071 508 3109 nam
531 3057 752 3129 quamplurimi
776 3054 959 3126 sapientiores
983 3054 1069 3108 etiam

52 3125 208 3193 fysieornm
232 3124 375 3179 adiutoria
397 3125 592 3207 providenmt,
615 3127 646 3180 in
664 3127 777 3196 quibus,
801 3127 834 3179 ut
848 3124 942 3179 'etiem
968 3141 1020 3178 nos
1038 3125 1069 3177 in

53 3198 173 3251 nostro
196 3195 321 3260 libello
344 3195 531 3265 syncerum
553 3197 825 3267 comprehendimus,
843 3197 1000 3270 negaret
1021 3211 1068 3249 ve·
1181 3226 1185 3234 ι

54 3267 107 3321 luti
125 3265 263 3336 religiose
281 3267 407 3322 remedia
423 3284 614 3339 procuravere.

445 3375 676 3440 issefloefi

293 3444 324 3500 de
341 3446 475 3516 satyriam
491 3446 533 3500 oel
550 3446 740 3514 impedimento
756 3455 836 3498 etue:

108 3532 279 3604 reparatum
296 3533 340 3586 est
358 3531 450 3604 (virile
473 3532 606 3603 officium)
626 3534 654 3587 et
675 3531 771 3603 pipere
794 3529 900 3602 satyrio
922 3533 952 3588 et
973 3536 1065 3589 reinc‘
