2392 3922
86 176 152 241 466
389 175 594 228 VINDICIANI
612 175 800 228 (1ΥΝΑΕΟΙΑη

87 352 212 392 concava
234 333 359 388 fasciunt
382 332 504 402 speeiem
527 332 585 386 luifi
604 332 651 387 vel
674 333 712 386 ad
735 348 855 400 quorum
877 331 1106 401 conprensionem

88 406 205 462 format⁹
222 421 336 459 nausus.
365 404 432 458 ldeo
461 420 534 472 quae
558 403 652 458 dictae
681 405 747 457 sunt
769 419 870 476 genug.
900 409 957 470 qua
985 402 1107 472 genibus

86 495 226 549 nixerunt.
250 493 331 547 Hane
355 492 457 549 1611111
475 497 497 561 ᾇ
516 490 570 546 dol’
592 495 692 546 coacta
711 495 777 546 aunt
796 492 831 562 (l)
849 491 1042 562 potentiorem
1062 509 1107 545 ro-

87 568 145 637 gat.
164 565 230 618 Non
249 562 321 617 dicit
338 580 389 633 per
408 563 520 617 culmen
539 563 663 632 nemoris
682 565 776 632 caput.
797 563 846 617 sed
859 579 930 632 rogo
944 561 1040 631 inquit
1056 580 1107 632 per

88 653 218 707 genuam.
246 634 386 689 Continuo
406 633 494 688 etiem
513 633 588 688 oculi
610 633 796 688 laen'mantur
818 633 886 701 quia
909 636 1011 687 natum
1030 635 1107 702 quod

87 707 189 761 volunt
207 706 237 759 in
256 709 336 759 utero
356 707 484 759 materno
504 705 606 772 quibus
626 703 735 759 sociata
753 704 875 758 fuissent
892 707 989 758 11111111
1007 705 1106 774 gemit.

87 777 141 832 Illa
161 777 229 830 dnm
246 776 323 846 parit
341 775 430 846 vagit.
449 775 501 830 Hle
521 777 589 829 dum
606 774 735 830 nascitur
753 778 849 830 ament
861 776 990 830 nondum
1008 775 1107 830 hilari-

87 848 157 902 tatis
176 848 267 902 vitam
286 846 482 902 adhibiturum
500 846 588 900 etiam
611 846 720 900 luctum
742 846 818 917 gerit
843 846 941 901 oculus
966 864 1040 914 quae
1059 847 1108 901 vix

87 921 160 974 bene
178 919 346 989 parentibus
365 917 518 972 effimdent.
537 917 680 972 Lacrimas
699 916 781 988 vagit
795 934 852 972 una
870 917 906 971 111
927 933 993 971 suos
1010 934 1107 987 perse-

89 991 192 1059 quitur.
218 993 247 1045 et
266 992 419 1057 antequam
437 988 510 1042 aciat
527 987 595 1042 flore
614 988 702 1042 novit.
727 987 818 1042 soient
840 988 977 1043 videlieet
995 1006 1108 1043 menses

88 1061 236 1116 hominum
258 1064 288 1116 61
310 1059 362 1114 illa
385 1058 516 1114 caelestis
540 1059 620 1128 origo
643 1058 843 1114 infelicitatem
867 1058 1027 1129 praedicat.
1058 1061 1108 1114 sed

89 1133 187 1186 multis
207 1132 292 1186 audio
312 1148 341 1186 16
361 1131 474 1199 quando
494 1129 628 1184 dieentes.
652 1130 712 1184 Hoc
731 1129 825 1184 infans
850 1147 915 1185 eum
932 1129 1034 1200 tetigit
1052 1134 1107 1185 161-

89 1255 151 1292 ram
164 1254 263 1293 vocem
277 1238 335 1291 dat.
350 1238 404 1291 hoe
418 1236 443 1290 11
457 1236 511 1291 seit
524 1235 690 1291 mulieribus
705 1235 755 1305 qni
768 1236 799 1290 in
812 1253 886 1292 nave
899 1215 1002 1308 pefa'ps.
1011 1242 1108 1307 corr.)-

88 1310 172 1363 reunt
190 1307 287 1363 vitalis
307 1310 382 1362 61161
399 1311 506 1377 partus.

161 1381 230 1447 (21²)
248 1381 281 1432 ut
300 1378 373 1432 scias
392 1377 462 1446 quid
480 1377 582 1432 mulier
599 1394 741 1448 pregnans
764 1378 795 1432 in
817 1381 899 1433 utero
922 1379 1060 1434 habuerit
1078 1379 1109 1433 in

89 1449 206 1502 dextera
224 1451 306 1516 parte
326 1448 455 1503 stabiliet
474 1465 569 1503 semen
588 1467 669 1503 suum
693 1449 813 1519 septimo
835 1467 933 1505 mense
951 1454 1058 1505 movet.
1078 1451 1109 1504 in

89 1517 204 1572 sinistra
221 1522 303 1586 parte
327 1521 356 1572 et
379 1519 477 1573 oculus
499 1519 602 1574 mulier
624 1520 750 1574 tumidus
769 1521 845 1591 (-d)
863 1521 952 1576 habet
972 1525 1002 1575 et
1025 1523 1109 1576 tarde

89 1588 255 1643 ambulavit.
276 1588 306 1642 Si
319 1605 438 1658 puerum
450 1589 585 1645 habuerit
599 1590 728 1645 stabiliet
742 1608 839 1646 semen
852 1610 934 1646 auum
948 1591 981 1647 in
991 1592 1108 1647 sinistra

89 1662 171 1729 parte
190 1659 310 1730 septimo
329 1676 424 1715 menae
447 1659 535 1715 vertit
558 1661 637 1715 sein
661 1662 807 1717 dexteram
828 1665 941 1733 partem
960 1666 990 1717 et
1010 1663 1109 1718 oculos

89 1730 191 1786 mulier
210 1731 322 1785 clausus
341 1731 468 1786 habebit.

160 1805 215 1871 (22)
235 1802 290 1856 Cur
308 1818 375 1871 ergo
394 1802 488 1857 infans
501 1819 559 1857 non
572 1803 699 1871 loquitur
713 1805 763 1858 sed
777 1803 915 1874 vagitum.
936 1808 1015 1860 certa
1032 1805 1107 1860 ratio

89 1876 140 1928 est.
161 1873 229 1941 quia
248 1892 302 1946 que
322 1874 421 1928 dentes
440 1891 497 1928 non
514 1874 604 1928 habet
621 1891 678 1929 non
696 1875 801 1930 formas
816 1875 868 1929 illa
883 1876 950 1929 dum
970 1876 1107 1945 loquitur.

88 1944 194 2066 {lentes
219 1948 315 1998 autem
337 1944 435 2000 nostri.
464 1961 603 2015 organeea
631 1948 704 2000 111111.
733 1963 853 2014 quorum
879 1947 965 2001 modo
994 1947 1109 2018 flagerit

100 2033 278 2156 mgufficipst
298 2088 332 2142 ue
351 2086 490 2142 muana.
