2392 3922
131 168 197 233 334
464 166 809 220 canuno-rnsonoar

132 328 194 382 sisti
213 327 310 381 facias.
334 343 369 380 ne
389 326 483 381 caleat
501 326 599 394 utique
623 324 758 393 quamdiu
781 323 897 380 sufferre
919 323 1031 394 poterit
1052 327 1142 380 sedeat

131 407 212 459 furno
232 404 389 459 subclauso.
409 408 507 459 tantus
526 404 554 458 ei
576 421 658 457 umor
676 404 730 459 erit
752 406 829 472 quod
848 406 886 459 ad
904 404 1091 460 nativitatem
1106 423 1141 460 re·

131 485 251 553 digetur.
267 485 339 538 alia
364 485 409 538 die
432 485 487 538 hac
510 483 620 538 ratione
645 501 709 538 eum
730 485 853 554 potabis.
883 484 1008 554 accipies
1032 503 1142 555 gramen

130 565 268 618 nodosum
288 565 322 618 dc
337 582 414 634 agro,
434 564 507 617 illud
521 566 597 632 quod
612 581 695 634 super
715 567 820 618 terram
837 563 953 632 eminet,
973 567 1004 619 et
1021 568 1141 635 amputes

104 659 116 698 o
130 644 239 698 radices
255 645 461 714 subterraneas,
472 644 582 698 scilicet
591 661 665 712 quae
675 645 727 698 sub
741 647 817 698 terra
829 648 902 713 sunt,
913 643 985 698 etin
993 662 1065 700 vase
1078 661 1141 700 novo

130 724 159 778 in
178 724 217 777 Vl
241 726 271 778 98
290 742 380 793 aquae
398 741 472 794 pone
495 727 524 779 et
548 725 584 779 ad
607 725 708 778 tertias
732 741 821 793 usque
845 725 985 793 decoque,
1011 727 1141 780 admisces

130 822 221 872 aquae
245 806 274 860 ib
289 807 315 874 Ι,
334 805 436 860 lotium
455 822 602 874 caprarum
621 821 694 872 quae
713 804 863 859 lentiscum
881 821 933 874 per
951 805 1083 860 triduum
1099 823 1140 876 pa·

129 885 235 953 verint,
260 888 290 940 et
312 903 362 954 per
383 886 510 940 triduum
532 885 643 939 ieiunus
666 884 756 939 bibat.
785 884 864 939 cibos
887 901 956 939 vero
981 902 1083 941 carnes
1104 905 1141 940 su-

129 968 210 1018 mant
228 983 307 1019 assas
326 969 356 1020 et
374 966 463 1020 salsos
481 965 585 1035 pisces,
609 964 675 1018 vino
695 963 801 1032 optimo
820 963 994 1034 nutriantur,
1012 969 1016 1035 Ι
1035 971 1073 1036 (p.
1083 969 1140 1033 128)

91 1061 117 1098 ιο
131 1045 161 1098 id
181 1048 224 1099 est
242 1045 340 1099 vinum
358 1046 466 1100 bibant.
492 1046 526 1098 de
546 1062 620 1113 aqua
639 1048 668 1098 et
685 1043 831 1098 holeribus
850 1044 1018 1099 abstinendi
1038 1049 1143 1100 suntet

131 1126 166 1179 de
185 1126 316 1180 carnibus
334 1125 495 1195 pinguibus.

282 1250 329 1304 Aa
342 1251 385 1316 II,
400 1255 436 1304 33
454 1251 499 1304 De
518 1265 635 1302 renum
653 1248 754 1302 vitiis
773 1248 828 1302 vel
846 1247 988 1302 vesicae

130 1358 148 1408 r'.
168 1373 188 1408 e.
209 1357 247 1408 ad
266 1356 312 1421 II,
335 1360 382 1408 33ὁ
406 1357 550 1426 Aaoaycu'
576 1356 729 1424 capitutum
756 1357 790 1409 dc
821 1357 923 1410 uesicae
950 1357 1030 1410 uitiis
1051 1384 1084 1402 =
1097 1357 1143 1412 11²

129 1434 265 1488 c.21De
290 1434 424 1488 calculo
445 1439 516 1503 Queat
539 1434 686 1503 fascietur,
714 1437 763 1490 ubi
782 1437 905 1504 primam
926 1438 1053 1505 sequitur
1072 1440 1144 1507 potio

90 1526 115 1564 15
129 1530 184 1582 qao
202 1520 286 1581 caput
295 1521 408 1584 perpet,
428 1532 461 1568 ea
471 1521 552 1582 parte
567 1517 716 1582 posteriore
729 1517 848 1584 capitati
860 1515 1020 1594 Borberia,
1041 1520 1144 1587 deinde)

199 1619 292 1673 Item.
321 1619 403 1673 istius
422 1620 546 1688 potionis
567 1619 698 1673 effectum
721 1621 834 1691 saepius
852 1623 986 1692 probavi,
1012 1642 1088 1692 quae
1107 1625 1143 1679 sic

129 1699 282 1754 conficitur.
302 1699 479 1768 ammoniaci,
499 1701 660 1769 saxifragae
680 1718 735 1755 ana
749 1715 785 1761 -ζ-
798 1702 849 1771 VI,
869 1702 974 1756 radicis
994 1705 1144 1773 verbenae,

129 1780 306 1836 chelidoniae
321 1798 376 1834 ana
389 1793 425 1840 ÷
434 1780 481 1849 VI,
500 1780 605 1850 piperis
620 1780 731 1836 libram.
753 1782 847 1836 omnia
861 1785 947 1836 tunsa
962 1786 992 1837 et
1010 1785 1144 1840 cribrata.

129 1863 163 1916 de
187 1863 303 1931 pulvere
332 1862 413 1916 dabis
442 1861 568 1915 cocleare
595 1878 653 1914 non
680 1861 752 1916 bene
774 1863 890 1932 plenum
913 1862 1094 1920 febricitanti
1115 1866 1144 1919 in

89 1957 115 1999 ao
130 1961 204 2012 aqua
223 1942 325 2011 calida,
345 1959 413 1996 sano
432 1941 463 1995 in
477 1941 592 1996 condito
607 1943 658 1995 aut
670 1941 701 1994 in
715 1942 789 1997 vino.
805 1942 871 1996 huic
889 1942 1047 1998 valitudini
1061 1945 1144 2000 valde

128 2026 262 2094 prodesse
282 2023 347 2079 scic.

199 2104 304 2158 Rafani
328 2104 445 2157 cortices
469 2103 499 2156 in
521 2103 587 2157 vino
613 2101 722 2156 decocti
750 2104 779 2155 et
807 2101 901 2155 ieiuno
930 2102 1022 2171 cyatis
1051 2105 1143 2158 tribus

127 2185 208 2254 potui
242 2184 303 2239 dati
331 2183 486 2238 calculos
519 2183 725 2251 comminuunt,
759 2184 788 2235 et
820 2181 921 2236 mulier
949 2183 973 2236 si
1000 2184 1143 2240 habuerit.

129 2264 272 2334 saxifraga
301 2283 365 2319 cum
392 2264 483 2317 mulsa
506 2263 587 2331 potui
612 2264 680 2318 data
703 2262 801 2332 tepida
820 2263 896 2333 [cum
920 2261 987 2317 vino
1011 2264 1059 2318 vel
1080 2283 1143 2319 cum

88 2358 113 2397 aa
127 2345 240 2415 mulsa],
258 2344 343 2399 valde
362 2344 464 2397 mirum
482 2345 532 2398 est.
561 2342 607 2397 vel
626 2342 650 2395 si
668 2342 699 2394 in
716 2342 783 2396 rino
803 2343 919 2396 decocta
942 2342 1041 2412 fuerit,
1068 2344 1145 2398 idem

127 2423 205 2478 facit.
225 2424 289 2477 rubi
308 2424 431 2478 radicem
450 2423 530 2476 lavas
550 2425 579 2475 et
598 2422 696 2490 siccas,
716 2425 744 2476 et
762 2421 839 2476 facto
857 2422 973 2492 pulvere
992 2441 1058 2476 cum
1076 2424 1144 2478 vino

128 2506 179 2556 aut
198 2503 312 2556 condito
332 2506 382 2557 aut
401 2519 475 2569 aqua
490 2501 584 2555 calida
597 2502 687 2558 bibat.
716 2503 769 2557 hoc
782 2503 934 2571 probatum
949 2505 999 2556 est.
1026 2504 1144 2558 nucleos

127 2580 225 2649 pineos
244 2582 326 2649 XLV,
345 2581 450 2651 piperis
465 2580 596 2654 <grana>
616 2584 691 2636 XLV
710 2583 793 2637 simul
811 2586 898 2652 teres,
923 2585 951 2636 et
970 2599 1034 2635 cum
1053 2584 1144 2638 iacta-

127 2660 179 2729 bit,
201 2661 264 2714 vino
284 2663 335 2714 aut
354 2659 468 2715 condito
488 2664 538 2714 aut
557 2662 652 2717 calida
671 2664 766 2731 bibat,
790 2681 887 2718 omnes
904 2664 1000 2732 petras
1019 2663 1144 2718 iactabit

87 2742 157 2794 acet
176 2757 259 2794 sanus
279 2739 341 2794 erit.
369 2739 472 2794 minori
491 2741 582 2795 aetati
600 2742 715 2798 nucleos
734 2744 794 2814 XV,
813 2744 918 2815 piperis
938 2741 1072 2816 (grana)
1091 2744 1144 2797 XV

128 2821 218 2877 dabis,
248 2837 343 2874 semen
362 2820 420 2889 apii
434 2820 534 2874 tritum
546 2825 678 2892 potatum
693 2824 817 2878 calculos
836 2825 950 2893 frangit.
976 2822 1143 2891 ligusticum

128 2905 239 2958 coctum
266 2920 330 2956 cum
357 2919 432 2970 aqua
460 2902 559 2955 datum
584 2903 690 2956 bonum
715 2905 765 2958 est.
798 2905 975 2957 decrescente
998 2902 1066 2956 luna
1096 2902 1141 2954 die

199 3114 213 3160 1
234 3108 332 3176 utique
352 3085 419 3178 (iiq;)
434 3110 457 3163 b.
566 3114 582 3160 3
605 3113 655 3162 τῖε
673 3111 688 3162 b
703 3107 771 3177 (cisi
786 3105 807 3170 t.
826 3105 878 3158 cot.
898 3107 1139 3178 po‘e=potione).

127 3181 277 3233 demanat
297 3182 320 3234 b.
395 3185 409 3231 7
430 3178 546 3247 caprinu
566 3181 581 3233 b
600 3184 644 3250 (sc.
665 3177 830 3246 caprarum).
911 3183 927 3230 8
946 3177 1043 3232 ieiuno
1063 3182 1087 3234 b.

127 3255 143 3302 9
163 3253 277 3303 sumunt
297 3252 320 3305 b.
369 3257 403 3303 10
422 3249 529 3303 bibant.
553 3252 603 3315 (sic
622 3253 650 3316 b,
669 3266 719 3304 om.
739 3248 817 3318 quale
835 3249 882 3312 ra).
935 3254 967 3301 17
988 3253 1097 3303 amonii
1116 3253 1138 3305 b.

126 3325 160 3372 20
180 3320 245 3374 huic
264 3321 393 3375 valitudo
413 3323 436 3374 b.
545 3326 578 3373 22
592 3323 657 3376 biae
674 3337 734 3374 cere
751 3318 852 3386 incipit
870 3334 929 3388 cap.
950 3321 1077 3374 additum
1094 3322 1140 3375 De

126 3391 269 3444 cauculo
289 3400 369 3462 utque
386 3394 439 3446 buc
452 3392 572 3458 pertinet
589 3393 709 3447 rubrica¹
719 3392 751 3444 iu
764 3391 780 3442 b
795 3391 873 3460 loupo
888 3397 952 3444 autc
966 3394 1067 3458 posito.

125 3466 159 3512 23
179 3461 311 3515 cauculos
327 3465 349 3518 b.
448 3466 483 3513 24
500 3464 565 3516 baec
582 3464 662 3518 unceis
680 3463 772 3516 delevi.
870 3466 903 3513 28
922 3477 1013 3529 grana
1031 3464 1139 3516 addidi.

126 3534 160 3582 30
174 3531 268 3584 nuclei
286 3533 338 3586 XV
350 3531 456 3601 piperis
475 3533 527 3585 XV
545 3534 568 3588 b.
642 3538 675 3586 31
694 3531 791 3586 caulos
810 3534 833 3586 b.
893 3530 1060 3586 levesticum
1079 3534 1102 3586 b.
