2392 3922
399 191 559 242 ΕΡΙΤΟΜΕ
578 190 729 243 ALTERA.
1012 187 1076 251 477

59 351 237 406 stomachum
256 347 382 416 veniens,
402 349 478 416 quod
496 347 574 417 greci
592 347 767 401 stomacilias
787 348 893 416 dicunt,
912 348 966 401 hoc
985 349 1028 401 est
1047 364 1077 401 os

58 430 172 499 ventris,
192 429 243 498 qui
262 427 468 483 excalefactum
487 445 585 482 sucum
603 427 730 482 ciborum
748 428 786 481 ad
804 431 931 482 ventrem
949 428 1079 483 iosanum

58 510 154 578 mittit,
174 509 226 577 qui
245 510 289 562 est
308 506 435 575 asperior
453 507 499 562 vel
517 507 593 561 intra
613 525 642 562 se
662 507 809 577 duplicior.
829 507 964 577 quicquid
983 512 1079 563 autern

59 590 150 644 carfas
170 589 301 643 ciborum
320 590 397 656 sunt,
422 588 459 640 ad
483 586 634 641 intestinas
652 589 773 656 vadunt,
798 604 852 655 que
872 591 995 642 stercora
1014 605 1078 658 ege-

59 673 165 725 mntur.
190 667 371 738 degestiones
394 667 467 722 fiunt
489 670 559 736 tres,
587 667 679 737 prima
702 667 733 721 in
754 685 889 736 vaporem
912 672 940 722 et
964 669 1079 724 odorem
1106 682 1118 724 5

61 749 174 819 spiritus
193 747 285 802 trahit
303 746 400 815 pulmo
419 764 488 816 epar
507 747 652 800 cerebrum
666 749 695 801 et
708 747 802 816 pulpe,
824 748 948 801 secunda
967 749 997 800 in
1012 766 1078 803 suco

61 830 243 884 advenirem
261 827 392 881 iosanum
411 829 441 880 et
460 828 497 880 ad
515 827 666 881 intestinas
680 826 799 896 ieiunas,
818 827 905 881 tertia
923 828 954 880 in
972 845 1078 898 careas,

60 925 111 976 que
130 910 198 963 sunt
217 910 350 961 stercora.
377 923 445 960 nam
462 906 573 960 urificia
591 907 730 961 viscerum
748 909 877 960 nostrum
895 910 961 960 sunt
978 908 1078 977 multa,

61 989 107 1042 sed
125 988 238 1043 maiora
258 988 322 1055 dua,
341 1003 392 1055 per
411 987 486 1054 quod
506 985 659 1054 accipimus
679 988 709 1040 et
726 996 779 1056 per·
795 987 871 1055 quod
889 986 1041 1042 reddimus.

381 1127 493 1182 XXIIII.
512 1128 559 1182 De
577 1128 758 1183 intestina.
1091 1151 1117 1190 10

127 1219 270 1275 intestina
293 1220 390 1272 autem
412 1234 469 1272 non
493 1220 606 1271 tantum
633 1216 758 1272 flexuosa
780 1217 887 1285 brevis,
917 1217 966 1271 sed
990 1217 1078 1270 etiam

62 1316 133 1354 more
152 1298 399 1368 receptaculorum
422 1297 517 1367 sepius
544 1296 674 1366 inpedita
702 1298 740 1350 ad
764 1297 917 1352 detinenda
940 1297 1078 1351 alimenta·

63 1379 185 1448 fiuntque
211 1379 292 1433 velut
315 1378 459 1445 quondam
485 1377 658 1432 laberentus.
683 1380 750 1431 sunt
772 1381 868 1432 autem
891 1378 1077 1447 quadriplicis

63 1462 193 1515 contexta
211 1457 398 1526 membranis,
417 1457 573 1512 forinsecus
591 1473 711 1510 nervosa
727 1458 795 1526 duo,
819 1457 937 1513 interius
961 1474 1077 1512 camose

64 1539 126 1607 duo,
152 1537 376 1606 dividunturque
399 1537 431 1590 in
452 1540 548 1606 partes
566 1537 613 1591 111.
642 1536 737 1592 ieiune
760 1537 895 1594 intestine
918 1539 1078 1594 cubitorum
1093 1551 1118 1593 15

63 1619 116 1688 VII,
137 1634 194 1688 que
213 1620 359 1687 ponuntur
373 1617 411 1671 ad
425 1616 592 1671 umbilicum
610 1620 639 1671 et
656 1617 751 1671 iusum
761 1619 910 1674 humorem
928 1619 1077 1688 recipiunt.
1129 1635 1133 1644 ·

61 1698 116 1753 late
138 1697 277 1753 intestine
305 1696 465 1751 cubitorum
483 1695 548 1750 XIII
571 1714 588 1750 a
611 1700 710 1751 ventre
735 1697 889 1766 incipiunt,
918 1698 968 1765 qui
991 1698 1078 1752 susci-

62 1779 141 1847 piunt
166 1776 342 1847 digestiones
366 1792 401 1830 ex
425 1775 602 1829 stomachum
625 1779 654 1830 et
677 1779 805 1830 ventrem
827 1777 951 1831 flexuoso
975 1777 1077 1831 itinere

61 1862 143 1912 vento
158 1856 246 1926 pleni.
267 1856 360 1910 colum
373 1855 549 1924 intestinum,
564 1855 613 1923 qui
626 1856 743 1924 ponitur
756 1873 840 1925 super
852 1855 967 1925 inguem
980 1857 1076 1910 dextre

61 1938 161 2007 partis,
192 1936 373 2006 longitudine
400 1936 559 2005 palm0rum
580 1936 645 2004 IIH,
672 1935 721 2003 qui
748 1935 876 1989 iunctum
904 1937 948 1988 est
974 1935 1076 1990 vissice
1091 1949 1117 1989 so

61 2035 145 2070 anum
166 2019 195 2070 et
214 2015 271 2068 iliae
291 2016 381 2070 ambe.
405 2033 473 2069 nam
491 2032 587 2070 omnes
606 2015 741 2069 intestine
761 2015 916 2084 iunguntur
935 2014 1076 2084 adipibus,

59 2097 107 2165 qui
127 2095 258 2149 ciborum
275 2111 354 2148 mora
373 2095 508 2165 queritur,
527 2096 574 2150 vel
592 2112 627 2149 ne
646 2095 734 2149 etiam
752 2094 871 2149 adsidue
891 2112 985 2149 escam
1003 2095 1077 2149 desi-

60 2177 183 2230 deretur.

132 2355 326 2406 lstomacum
343 2354 376 2406 P.
450 2353 527 2423 greci
548 2353 581 2407 G.
654 2352 706 2406 hos
730 2353 760 2407 U.
838 2358 987 2406 2succum
1008 2351 1078 2406 Get

58 2432 122 2479 crete
141 2426 193 2493 ips.
213 2440 282 2478 corr.
297 2424 330 2477 P.
386 2429 402 2475 3
422 2423 562 2477 dublicior
581 2424 612 2492 U,
628 2422 788 2493 dupplicior
808 2423 840 2478 G.
913 2431 999 2495 49119
1015 2423 1075 2478 UG.

58 2499 193 2550 5autem
212 2497 286 2563 (post
304 2495 378 2563 deg.)
397 2496 461 2548 add.
484 2495 516 2549 G.
574 2504 708 2563 sseparce
727 2495 844 2548 rubrum
863 2495 896 2549 G.
953 2511 1019 2548 suco
1039 2495 1076 2548 P:

58 2584 127 2620 sucu
152 2567 184 2632 U,
205 2582 289 2619 succu
311 2565 343 2620 G.
419 2564 584 2619 'liusanum
607 2567 670 2621 UG.
751 2566 861 2620 ieiunas
880 2567 951 2621 PU:
970 2584 1020 2621 om.
1043 2566 1075 2620 G.

57 2636 149 2691 tercia
169 2637 201 2690 P.
276 2653 372 2690 careas
393 2637 456 2704 (sic)
476 2653 566 2690 omnes
583 2644 616 2691 ut
633 2655 719 2706 sopra
738 2637 838 2692 carias.
898 2642 988 2709 8que
1013 2638 1076 2692 UG.

58 2707 169 2764 crificia
193 2706 257 2762 UG.
349 2712 382 2760 11
401 2722 458 2760 non
477 2708 514 2762 P:
534 2724 584 2762 ora.
610 2708 673 2762 UG.
769 2708 857 2763 flexus
876 2709 988 2763 abrevis
1012 2709 1076 2763 UG.

59 2784 91 2832 12
113 2778 188 2831 adde
207 2778 331 2832 tenenda
350 2779 383 2832 P.
457 2783 490 2831 13
509 2796 564 2848 que
588 2778 649 2833 UP.
741 2780 861 2833 condam
880 2781 912 2833 P·
999 2778 1077 2833 labe-

57 2853 158 2904 rentur
178 2848 211 2902 G.
295 2854 328 2903 14
347 2848 512 2902 mimbranis
532 2850 570 2904 P:
588 2848 716 2902 membra
735 2851 792 2904 UG
809 2852 869 2919 (ubi
885 2850 1032 2916 membra!
1054 2850 1081 2904 U

56 2924 89 2975 io
108 2922 163 2987 fine
181 2922 292 2989 uersus).
382 2920 542 2974 forensecus
562 2920 594 2974 P.
718 2925 751 2973 15
771 2920 802 2972 in
820 2937 869 2974 om.
892 2920 925 2974 G.
1032 2920 1077 2972 in-

56 2991 172 3046 testinae
193 2990 225 3044 P.
282 2995 315 3044 16
335 2993 443 3060 septem
467 2990 530 3045 UG.
585 3008 641 3064 que
665 2990 724 3046 UG.
782 2996 816 3044 17
835 2989 995 3044 cubitorum
1009 2990 1076 3045 PU:

57 3062 284 3132 gubernatorum
303 3061 336 3116 G.
405 3061 541 3115 tredecim
565 3062 628 3116 UG.
685 3066 718 3115 18
738 3060 916 3130 degestiones
935 3061 968 3114 P.
1020 3064 1076 3115 sto-

57 3133 161 3186 macho
182 3135 211 3185 et
229 3133 327 3186 ventre
351 3133 414 3187 UG.
514 3132 640 3187 fluxuosa
661 3131 694 3187 G.
784 3131 891 3185 itenere
910 3132 942 3186 P.
1033 3131 1076 3184 in-

56 3204 167 3259 testinu
191 3203 250 3257 UG.
331 3209 365 3256 20
383 3206 478 3272 partes
498 3203 530 3257 P.
620 3202 829 3272 longitudinem
852 3202 911 3256 UG.
993 3201 1076 3269 quat·

57 3279 124 3327 tuor
149 3276 181 3341 U,
201 3275 322 3341 quatuor
343 3273 376 3328 G.
448 3273 536 3346 visice
559 3273 592 3329 G.
671 3281 703 3328 21
724 3273 773 3327 ilie
797 3274 833 3340 U,
851 3272 902 3342 1119
923 3273 956 3326 G.
1030 3279 1077 3327 oni

57 3347 97 3399 P:
118 3344 244 3398 omnium
268 3345 330 3398 UG.
403 3344 538 3399 intestine
561 3346 592 3401 U.
648 3345 785 3414 adipebus
804 3345 838 3412 P,
857 3342 995 3411 adepibus
1015 3345 1075 3399 UG.

58 3422 93 3470 22
113 3414 243 3487 9119111111
259 3415 292 3469 G.
383 3421 402 3468 1“1
420 3432 455 3469 ne
475 3418 512 3470 P:
531 3417 607 3470 unde
632 3416 695 3471 UG.
781 3415 894 3469 assidue
918 3414 948 3481 U,
969 3433 1021 3488 -9
1042 3416 1075 3470 G.

58 3486 238 3540 desideretur
256 3487 294 3541 P:
319 3485 460 3540 desideret
483 3487 547 3542 UG.
570 3489 623 3542 boc
645 3503 728 3556 usquc
749 3504 825 3542 acme
846 3486 904 3541 cod.
928 3484 955 3538 U
972 3488 1011 3554 (p.
1025 3490 1075 3555 22)

56 3561 91 3611 iu
109 3575 162 3628 quo
182 3559 280 3612 deswct
299 3559 374 3625 (duo,
392 3561 520 3627 utputo)
537 3559 616 3626 folia.
