2392 3922
129 147 197 212 450
533 144 738 205 VINDIOIANI

135 317 151 365 J
168 307 224 376 (19)
238 303 452 373 temporibus
535 307 590 373 (19)
620 298 803 358 maiiestum
866 305 922 373 (19)
941 305 1084 372 tempores
1105 319 1154 356 au-

132 373 351 431 auteminfans
365 392 453 430 com·
481 377 525 429 est
549 377 646 429 tannen
664 373 803 428 infantem
830 375 889 427 tem
906 389 1036 442 conpone
1060 373 1153 442 adque

131 446 316 518 ponendus.
341 445 452 514 adque
481 446 521 500 au
546 445 652 500 collum
676 443 802 500 matricis
831 444 979 498 coniocars
1034 444 1153 498 manife-

131 521 161 572 et
170 516 317 571 conlocare
331 516 456 570 inutero
481 516 619 586 componi.
683 515 803 585 septizo-
831 517 907 570 stum
920 517 972 570 est.
995 515 1089 585 Septe.
1110 532 1153 569 zo-

131 587 453 642 matemomanifeotum
480 586 560 643 nium
583 586 763 657 (septiromus
781 604 803 657 s,
832 587 906 640 dero.
935 602 1062 641 numero.
1093 602 1153 656 sep-

132 661 175 713 est
204 661 316 728 septem
345 656 452 712 dunion
481 663 564 712 -mu
578 661 679 727 e)ver0
695 661 804 728 septem
830 656 901 712 timo
912 673 987 711 anno
1001 660 1153 712 contenere

131 728 452 856 {ttattttitttt
480 728 803 855 titiittttutu
830 727 1153 869 {siccitati

130 871 265 927 nuscitur.
331 887 360 926 se
381 870 452 925 timo
479 870 637 926 infantibus
647 870 803 941 nascisep-
830 869 954 925 infantes
984 870 1085 925 dentes
1109 887 1153 924 ca-

131 960 205 998 anno
222 942 333 998 infante
373 944 452 997 entes
479 941 549 996 timo
582 959 657 997 anno
687 941 728 996 eis
756 958 802 996 ca·
832 941 904 996 dere.
942 940 987 995 bis
1025 941 1152 1012 septinus

132 1015 233 1070 cadere
262 1013 308 1069 vel
336 1015 451 1086 septene
481 1013 546 1068 dere
574 1012 723 1084 incipiunt.
756 1012 802 1066 bis
829 1011 986 1082 pubiscere.
1011 1014 1042 1067 et
1059 1013 1152 1082 nugli-

130 1083 453 1225 ggguffiffl
479 1084 591 1225 {titt
611 1084 802 1209 spuiiiiiii
830 1081 1151 1224 titium·

130 1227 226 1282 milles
258 1227 392 1296 obingere
423 1228 453 1280 et
479 1225 620 1281 nucleatis
666 1224 801 1280 mamillis
829 1227 936 1280 temet
960 1224 1059 1280 decem
1079 1241 1152 1279 anno

131 1298 216 1353 tertio
229 1301 346 1367 septeno
361 1298 389 1352 ,1.
396 1299 451 1366 (mo
481 1313 576 1352 semen
594 1313 737 1367 generare.
757 1299 802 1351 ter
828 1295 1152 1366 barbamaturare.Sep·

130 1386 217 1449 supro
231 1370 295 1423 add.
311 1384 379 1423 corr.
395 1369 413 1421 i.
429 1385 450 1422 e.
480 1367 591 1450 septeni
610 1370 639 1423 ot
652 1384 709 1422 uno
726 1384 801 1422 anno
828 1369 887 1422 tem
906 1366 952 1449 ¹dio
964 1383 1032 1436 egro
1042 1367 1151 1436 pericu-

129 1438 451 1588 {segisterico
478 1439 802 1580 {fftptttttttgz
828 1437 1152 1564 tttfittffitti:

129 1578 200 1632 timo
216 1578 450 1647 d1eegruspere·
478 1579 611 1634 timomos
644 1598 673 1650 ε,
715 1580 801 1651 septi·
827 1579 877 1634 nia
890 1579 1054 1634 ministrare
1069 1579 1151 1634 sicet

131 1648 238 1705 clitarc.
276 1648 326 1717 qui
366 1648 450 1702 multi
479 1666 572 1704 nomos
596 1653 620 1721 e)
643 1651 801 1721 periclitari
827 1649 968 1705 infantem
988 1650 1021 1705 in
1039 1654 1150 1706 uterum

131 1723 239 1790 septem
265 1718 373 1774 estellis
393 1736 451 1774 om·
479 1720 529 1789 qui
574 1721 664 1777 multe
709 1722 800 1778 stellis
828 1724 987 1776 maternum
1031 1722 1149 1777 firmare.

131 1792 180 1846 nia
211 1790 373 1846 ministrare
411 1790 452 1844 sic
478 1792 629 1847 minsitari.
651 1792 691 1847 sic
705 1793 799 1848 infans
829 1791 961 1862 Conpone
980 1809 1087 1848 cursus.
1108 1810 1150 1847 so-

131 1863 225 1918 infans
244 1862 275 1916 in
293 1865 373 1917 utero
392 1879 451 1916 ma·
479 1862 510 1916 in
526 1865 607 1918 utero
627 1863 694 1920 ferri
713 1867 799 1932 atquc
827 1863 871 1919 lis.
887 1866 917 1918 ct
930 1863 1151 1919 lunadodiacon

131 1933 351 1990 ternoformare.
366 1936 452 2002 atque
479 1934 618 2004 componi.
634 1952 717 1989 cursu
731 1935 799 1990 solis
826 1951 944 1989 numero
960 1935 1149 1990 determinare

131 2005 253 2075 conponi
284 2023 397 2060 cursum
424 2008 453 2059 et
479 2009 512 2060 ut
534 2005 601 2060 lune
626 2006 800 2061 dodecadem
828 2007 879 2061 est.
907 2005 1049 2060 Numerus
1075 2006 1150 2074 quod

131 2077 452 2131 lunaeveterumdcter-
481 2077 670 2132 determinari.
691 2079 735 2132 est
751 2095 800 2130 au·
827 2076 1150 2147 menscsVHmultipli-

132 2148 248 2203 minare.
281 2151 325 2202 est
357 2151 454 2203 autem
479 2151 538 2203 tem
561 2165 708 2203 numerum
731 2164 799 2216 quo·
828 2150 976 2202 catur.1·ae
987 2147 1089 2202 docum
1101 2165 1149 2218 pa-

131 2236 263 2274 numerus
287 2219 363 2288 quod
382 2219 453 2272 mihi
479 2218 800 2290 rumseptemetmulti-
827 2221 906 2272 ratus
952 2222 1151 2274 consumatum

133 2290 173 2344 sic
192 2290 305 2345 videtur
323 2290 374 2344 fiat
391 2307 453 2360 sep·
479 2291 568 2360 plices
588 2294 617 2345 et
631 2291 673 2345 ita
687 2293 801 2360 partum
828 2289 878 2343 sed
896 2289 1036 2359 fyguram.
1059 2289 1150 2344 homi·

131 2360 453 2431 tiesmultiplicatusita
480 2362 676 2419 consummari.
702 2362 753 2415 sed
771 2363 801 2415 et
828 2359 872 2414 nis
904 2359 999 2414 infans
1038 2361 1150 2431 accepit

131 2434 214 2501 parto
225 2447 387 2486 consumere
403 2432 453 2485 sed
479 2432 698 2500 figurahominis
706 2432 799 2486 infans
827 2430 955 2501 proximo
971 2434 1074 2486 autem.
1093 2432 1148 2486 XL.

131 2503 252 2570 figuram
269 2500 392 2555 hominis
409 2501 452 2554 in-
480 2503 629 2571 acceperit.
644 2503 736 2573 primo
751 2520 800 2557 au·
828 2505 858 2557 et
887 2501 979 2557 XXX.
1019 2501 1092 2558 diae.
1119 2519 1150 2556 os

131 2570 194 2623 fans
210 2571 340 2641 accipiat.
359 2571 451 2640 primo
478 2573 800 2644 temquadragintaali·
828 2575 924 2628 autem
952 2589 1085 2628 numerus
1118 2577 1152 2627 ut

131 2642 227 2695 autem
255 2641 301 2694 die
330 2641 451 2708 quadra·
479 2643 593 2710 quando
608 2645 735 2714 treginta
750 2662 801 2699 nc·
827 2646 934 2714 partus.
946 2644 1031 2698 datur
1041 2643 1149 2713 sepcies

131 2709 239 2780 gesima
254 2711 325 2765 dico.
343 2716 375 2766 os
388 2714 450 2780 (te.
479 2729 544 2767 vem
553 2717 650 2770 autem
659 2733 799 2772 numerus.
829 2714 997 2785 duplicatur.
1036 2714 1151 2784 Oportit

129 2780 193 2851 hos)
208 2784 304 2836 autem
319 2799 451 2837 numerus
478 2787 512 2838 nt
520 2788 605 2855 partu
614 2787 800 2859 multiplicari
827 2786 869 2841 ita
901 2789 934 2841 ιιι
966 2802 1033 2855 ergo
1066 2803 1151 2854 quem

132 2855 182 2906 aut
214 2855 298 2907 natus
333 2854 451 2908 daturae
480 2859 599 2925 oportet.
646 2857 689 2912 ita
732 2875 799 2928 ergo
828 2873 947 2926 cumque
963 2857 1009 2911 die
1018 2856 1104 2912 XXX.
1120 2857 1150 2910 in

131 2921 235 2991 septies
278 2924 451 2994 multiplica·
479 2926 649 2997 quicumque
664 2929 724 2984 dies
743 2932 800 2984 tre·
827 2931 907 2983 utero
935 2931 1095 2982 maternum
1118 2927 1150 2980 fi-

129 3010 200 3074 mus.
212 2996 324 3063 oportet
333 2994 376 3050 ita
384 3012 451 3065 ergo
478 2997 561 3066 ginta
583 2997 614 3052 in
636 3003 717 3054 utero
739 3017 799 3054 ma·
827 3017 908 3070 gnra.
927 2997 1050 3054 hominis
1070 3014 1150 3053 acce-

131 3080 301 3132 quicumque
315 3065 361 3120 vel
381 3066 449 3121 dies.
478 3070 559 3122 terno
573 3069 664 3138 figura
675 3069 798 3124 hominis
826 3069 908 3139 perit.
923 3069 1080 3124 VHmense
1099 3087 1150 3123 na-

129 3133 215 3189 XXX.
239 3135 270 3188 in
293 3138 373 3190 utero
391 3153 451 3190 ma·
479 3137 799 3207 acciperitnoncmense
827 3139 922 3195 scitur.
970 3157 1003 3194 cc
1040 3140 1149 3209 sepcies

129 3207 211 3259 temo
225 3205 345 3275 figuram
361 3206 451 3261 homi·
478 3207 591 3276 expleto
617 3209 723 3264 femina
748 3226 798 3278 pa·
827 3209 964 3278 duplicas.
991 3210 1064 3264 fiunt
1088 3211 1149 3266 dics

129 3275 174 3330 nis
182 3276 450 3347 acceperitssptimo
478 3277 540 3332 riet.
570 3279 675 3349 septies
707 3279 798 3348 dupli·
827 3279 903 3334 CCX.
919 3280 969 3348 qui
985 3280 1057 3334 fiunt
1071 3298 1150 3336 men-

130 3363 225 3402 mense
244 3347 377 3404 nascitur.
396 3347 451 3402 hoc
478 3347 557 3402 cabis
586 3352 615 3404 et
638 3349 799 3404 efficiuntur
826 3349 930 3404 sisVII.
938 3349 967 3403 Si
978 3349 1042 3415 quis
1053 3355 1151 3406 autem

129 3417 235 3488 septies
259 3418 380 3488 duplicit
397 3418 450 3473 ite·
479 3417 539 3473 dies
555 3419 670 3474 ducenti
685 3423 798 3490 septua—
827 3420 872 3475 die
881 3421 938 3475 XL.
949 3422 979 3472 et
989 3421 1150 3486 proximam

251 3526 356 3595 1(o)‚
588 3526 684 3595 mn)
928 3523 1044 3590 nun)
