2392 3922
465 169 736 224 ADDITAMENTA.
1040 169 1105 234 269

85 333 171 401 cepto
194 329 303 400 capite,
326 344 394 382 mox
416 327 562 398 pediculos
584 329 675 382 necat.
718 328 846 383 detracto
870 344 953 383 caseo
976 327 1108 382 relictum

87 427 183 465 serum
201 409 316 464 adiecto
334 407 438 478 exiguo
457 407 525 463 salis
548 405 630 475 potui
649 409 792 477 sumptum
809 406 955 477 pediculos
974 407 1105 477 extirpet.

87 507 176 544 cornu
194 488 303 544 ceruini
321 488 423 543 limata
442 487 534 542 scobis
558 502 593 540 ex
615 485 682 541 rino
705 488 806 556 potata
828 486 974 557 pediculos
997 487 1107 543 lendes·

88 586 144 638 que
163 585 225 624 esse
242 584 301 623 non
318 566 436 638 patitur.
474 566 536 621 oleo
554 565 641 622 viridi
660 582 724 620 cum
743 568 826 621 aceto
848 566 938 622 mixto
957 569 1043 637 caput
1061 568 1107 622 vel

88 665 190 718 corpus
213 648 362 702 inunctum
385 645 531 717 pediculos
554 645 668 702 occidit.
705 646 789 701 betae
812 646 912 702 viridis
936 664 1003 706 suco
1022 650 1134 718 caput5

88 727 270 799 perunguito.
294 744 370 796 aqua
392 725 502 781 marina
521 726 634 781 assidue
657 727 744 796 caput
765 725 871 782 lavato.
908 727 975 782 felle
994 725 1107 781 taurino

90 810 177 878 caput
195 806 324 878 unguite.
347 807 402 860 hoc
419 808 449 861 et
466 805 587 861 furfures
606 807 641 861 dc
661 805 754 876 capite
772 806 858 862 tollit.
887 807 1030 878 sulphuris
1048 806 1109 862 vivi

91 888 195 942 libram
213 888 238 956 Ι,
267 885 445 956 stafisagriae
463 899 499 945 ÷
517 886 571 940 ΠΠ
593 885 668 940 aceti
695 886 786 955 cyatis
809 886 849 940 VI
870 886 902 940 in
928 905 1015 941 unum
1043 904 1107 942 con-

90 971 174 1035 teres,
193 969 223 1021 et
242 982 323 1021 omne
342 981 443 1035 corpus
461 967 628 1035 pemnotum
641 964 787 1035 pediculos
802 965 956 1034 lendesque
975 982 1108 1021 essenon

90 1046 208 1117 patitur.
715 1065 718 1069 ·
1122 1057 1147 1095 ro

345 1133 392 1188 De
409 1133 586 1204 pulicibus
606 1135 640 1187 ct
658 1131 861 1188 cimicibus
1018 1150 1021 1155 ·

162 1214 275 1269 Pulices
289 1212 430 1268 consumit
444 1229 519 1281 aqua
533 1230 648 1284 aspersa
661 1212 779 1269 marina.
798 1212 829 1267 in
838 1212 927 1267 lixiva
942 1213 1108 1283 sanguinem

92 1295 239 1365 caprinum
257 1293 389 1362 misceto,
414 1295 444 1347 ct
462 1308 563 1362 sparge
582 1291 613 1345 in
630 1291 693 1347 loco
712 1292 763 1347 ubi
780 1291 888 1363 pulices
907 1308 969 1347 esse
987 1293 1107 1348 noveris.

92 1391 142 1428 vas
160 1373 248 1429 fictile
268 1390 370 1428 cavum
387 1389 421 1426 ac
435 1371 566 1443 patulum
579 1388 645 1426 sevo
662 1371 771 1426 hircino
785 1389 930 1443 perungue
944 1373 1017 1428 etin
1032 1376 1109 1428 terra

91 1455 192 1523 obrue,
215 1453 259 1508 ita
276 1455 310 1507 ut
332 1451 412 1507 labia
429 1451 505 1507 vasis
529 1469 593 1506 cum
610 1454 687 1506 terra
710 1452 843 1521 aequalia
862 1453 927 1509 sint.
964 1456 1046 1509 tanta
1065 1455 1109 1509 vis
1123 1461 1149 1503 15

92 1537 135 1588 est
153 1536 186 1587 ut
205 1550 239 1588 ex
257 1531 385 1587 vestibus
409 1531 522 1586 cimices
541 1534 570 1586 et
592 1532 701 1602 pulices
719 1532 751 1586 in
768 1532 862 1603 ipsum
883 1551 934 1588 vas
953 1536 1107 1590 transeant.

93 1612 145 1666 sub
169 1612 244 1667 lecto
266 1611 373 1667 fossam
395 1628 453 1666 non
474 1612 612 1681 grandem
639 1610 727 1666 facies
751 1611 833 1666 etin
856 1629 920 1667 eam
943 1614 1109 1684 sanguinem

93 1691 240 1761 caprinum
258 1691 364 1746 mittes.
385 1707 481 1746 omnes
499 1690 607 1761 pulices
625 1689 668 1745 ibi
682 1691 858 1748 convenient.
893 1694 945 1748 sub
959 1693 1034 1749 lecto
1053 1695 1109 1748 fos-

95 1771 186 1825 sulam
203 1770 291 1826 facies
311 1769 341 1826 et
359 1771 494 1826 carbones
513 1769 594 1825 vivos
612 1769 643 1824 in
661 1786 725 1824 eam
742 1770 853 1841 mittes,
877 1774 906 1826 et
924 1775 1033 1827 costum
1052 1775 1109 1826 sto-

94 1867 188 1906 racem
206 1853 236 1906 et
250 1850 455 1921 sanguisugam
470 1849 554 1904 simul
567 1849 599 1903 in
612 1865 647 1904 ea
660 1849 802 1907 incendes.
830 1850 956 1920 undique
974 1850 1107 1906 conducti
1122 1861 1148 1899 2⁰

92 1930 207 1986 cimices
225 1931 404 1986 necabuntur
421 1929 537 1984 ibidem.

165 2140 179 2188 1
200 2133 300 2189 relicto
320 2150 382 2188 sero
401 2136 425 2202 b,
444 2132 566 2187 relictos.
587 2148 634 2187 ero
653 2152 675 2188 r.
767 2140 783 2187 2
803 2133 907 2203 exigui
926 2133 985 2188 sale
1004 2136 1032 2202 b,
1052 2134 1109 2188 exi·

92 2223 181 2274 gnum
200 2205 274 2260 sales
292 2223 315 2262 r.
423 2203 570 2274 pediculos
590 2202 694 2273 stirpat
712 2207 741 2273 b,
759 2203 914 2273 peduculos
933 2204 1069 2273 exfltirpat
1087 2224 1109 2260 r.

95 2284 111 2329 3
131 2276 209 2330 cervi
227 2278 251 2332 b.
342 2275 444 2329 limata
462 2275 538 2329 scab’
558 2277 582 2341 b,
601 2273 716 2329 limatas
736 2274 815 2328 cuius
833 2292 855 2331 r.
964 2275 1110 2344 pediculos

93 2382 279 2451 lendinesque
303 2385 334 2438 b:
357 2381 504 2451 pediculos
529 2351 718 2449 lendeiusque
741 2399 757 2436 r
777 2384 839 2449 (cet.
858 2373 893 2450 cf.
913 2382 1005 2438 Marc.
1029 2384 1111 2438 etiam

90 2457 171 2523 1243,
187 2459 212 2507 6.
231 2452 360 2507 lendines
380 2454 479 2523 legitur
496 2455 579 2508 etium
596 2470 641 2521 ap.
660 2453 762 2520 Alea).
836 2457 853 2506 4
867 2453 961 2507 oleum
978 2453 1109 2509 viride...

94 2523 186 2578 mixtu
205 2523 369 2593 b(comixto
387 2526 413 2591 r)
427 2526 470 2579 br.
562 2522 703 2605 {occidit
721 2526 750 2579 b:
769 2541 820 2579 om.
839 2542 862 2579 r.
949 2541 1046 2578 sucum
1065 2541 1110 2579 ca·

94 2629 155 2697 pue
174 2648 196 2684 r.
307 2635 323 2682 o
342 2629 381 2684 fer
399 2629 515 2684 amna
534 2613 597 2699 (-ὅ
610 2634 636 2698 r)
655 2631 697 2684 or.
800 2635 814 2684 a
834 2628 925 2684 suren
942 2630 1069 2701 (solphor
1086 2633 1111 2699 r)

94 2699 193 2753 rivum
211 2699 253 2753 lib
271 2700 321 2768 (rb.
335 2700 356 2754 1.
375 2703 400 2770 r)
420 2703 463 2756 br.
536 2699 734 2769 8stafisagria
752 2703 794 2756 br.
851 2700 954 2770 cyatis:
974 2705 1072 2770 cyatos
1087 2703 1110 2768 b,

96 2770 190 2824 ciatus
208 2788 231 2826 r.
304 2773 432 2826 conteres
451 2774 480 2827 b:
499 2771 573 2826 -ris
587 2790 611 2827 r.
684 2775 700 2824 9
719 2771 865 2841 pediculos
884 2771 1068 2840 lendinesque
1088 2773 1111 2837 b,

94 2840 252 2909 peduculos
270 2841 449 2910 lindinesque
467 2860 490 2897 r.
571 2849 602 2896 11
622 2843 663 2897 cit.
683 2843 784 2898 hobcct
801 2845 845 2910 bc,
863 2859 914 2897 om.
933 2860 955 2897 r.
1030 2847 1062 2896 12
1080 2841 1110 2894 P.

96 2914 126 2965 et
146 2911 264 2966 cemices
283 2930 306 2969 r.
380 2929 497 2982 asparso
511 2929 585 2982 aqua
603 2911 715 2966 marina
730 2931 753 2969 r.
826 2912 919 2967 lexivo
933 2914 957 2979 b,
976 2911 1070 2965 lexiva
1088 2928 1111 2965 r.

97 2988 131 3035 13
150 2982 264 3037 miscito
282 2985 307 3053 b,
326 2983 448 3054 comiato
466 3002 490 3041 r.
563 2999 697 3053 asparges
715 2983 746 3036 in
764 2981 858 3038 locum
874 3000 897 3039 r.
956 2981 1068 3036 noveris
1083 2983 1111 3035 b:

96 3105 222 3160 nolueris
241 3124 263 3161 r.
337 3111 372 3160 14
389 3125 440 3162 vas
459 3110 487 3163 b.
506 3124 606 3161 vasum
624 3125 646 3162 r.
719 3104 836 3174 hyrcino
855 3106 883 3172 b,
902 3070 1000 3173 §icini
1018 3123 1052 3184 s..

99 3176 130 3229 in
148 3178 225 3230 terra
244 3177 348 3244 (antei
381 3196 475 3234 .corr.
494 3177 613 3247 interea)
629 3180 652 3245 b,
671 3176 702 3230 in
719 3178 824 3230 terram
841 3192 864 3230 r.
945 3175 1112 3228 rorasse:

97 3245 162 3300 vasi
179 3265 202 3302 r.
271 3263 345 3316 equa
359 3247 381 3302 ‘s
399 3248 438 3303 sit
456 3268 478 3304 r.
552 3255 585 3303 16
604 3245 731 3302 vestibus
750 3247 779 3300 b:
797 3243 898 3299 bestiis
911 3264 934 3301 r.
1007 3244 1113 3313 inipso
1159 3284 1165 3317 ,Ι

97 3334 151 3370 vas
169 3335 192 3373 r.
294 3323 327 3372 17
346 3322 401 3389 (18)
420 3319 552 3374 Subiecto
571 3337 593 3374 r.
692 3320 726 3370 18
744 3313 908 3396 (19)·mittis
926 3333 949 3372 r.
1049 3324 1165 3399 con-p

98 3387 220 3442 veniunt
237 3391 280 3445 br.
355 3395 388 3444 19
406 3389 486 3446 vivas
505 3408 527 3446 r.
601 3390 630 3442 et
648 3388 723 3457 (poet
740 3387 842 3454 mattis)
860 3401 910 3441 om.
929 3404 951 3442 r.
1025 3391 1059 3440 20
1078 3402 1116 3439 s1-
1162 3402 1165 3428 τ

98 3457 161 3512 mul
178 3476 206 3515 re
225 3475 275 3514 oso.
294 3462 318 3515 b.
416 3460 544 3516 incendis
562 3479 578 3516 r
596 3463 631 3529 (et
648 3459 688 3514 sic
704 3473 807 3526 sommo·
819 3459 876 3524 fere
888 3475 913 3525 r,
931 3475 992 3514 cum
1006 3460 1022 3514 b
1033 3473 1114 3528 prac-

99 3531 176 3595 ferat
193 3533 253 3599 -es).
326 3532 463 3606 conductp
482 3549 505 3588 r.
579 3535 612 3585 21
631 3528 673 3583 ibi
692 3528 909 3598 denegabantur
925 3547 948 3586 r.
