2392 3922
134 193 201 258 408
469 190 816 244 rsauuouaaoooar

73 376 75 380 ¹
134 352 225 407 mixta
243 367 308 404 cum
326 347 388 403 olco
402 363 491 403 roseo.
511 347 583 402 facit
596 349 626 402 ot
639 348 678 402 ad
690 346 793 401 nimias
807 346 913 416 febres,
934 347 1037 418 siper
1055 366 1154 403 anum

134 432 170 486 in
192 429 280 499 ipsis
304 427 396 482 sucis
420 430 454 482 et
476 427 553 482 oleo
580 426 698 481 infusa
721 429 751 481 et
772 426 946 496 praecordiis
969 430 1021 482 aut
1042 428 1154 483 thoraci

135 508 303 578 imposita
322 507 440 564 fuerit.

80 596 116 646 35
207 587 309 643 Casia
327 586 461 642 calefacit
479 602 514 640 ac
532 584 622 639 siccat
638 584 766 655 nimium,
786 587 815 640 et
832 588 948 641 tenuem
966 588 996 641 et
1015 587 1154 642 acriorem

133 668 270 723 virtutem
284 666 380 721 habet.
399 665 506 720 idcirco
524 663 666 734 praecidit
678 666 713 718 'et
728 663 866 735 dispergit
877 665 1005 734 corporis
1019 683 1153 735 umorem,
1179 683 1192 722 ⁵

135 748 272 818 provocat
290 747 320 800 et
337 747 490 799 menstrua.

81 833 116 882 36
208 824 434 882 Coriendrum
450 823 566 878 virtutis
583 822 698 893 tepidae
717 825 747 878 et
760 823 852 894 magis
866 827 995 880 umectae
1014 828 1067 880 est.
1083 825 1155 880 facit

136 909 166 962 et
185 907 222 961 ad
240 905 372 960 fervores.
604 898 607 902 ’
688 902 690 906 ’

82 992 116 1041 37
209 985 308 1041 Cicer
325 984 371 1039 lac
389 986 419 1038 et
437 998 533 1037 semen
550 984 676 1053 generat,
699 986 836 1052 provocat
854 986 885 1038 et
900 986 1056 1039 menstrua.
1081 984 1155 1040 cicer

136 1066 251 1135 nigrum
268 1064 404 1134 provocat
422 1062 517 1116 urinas
536 1064 567 1116 et
583 1077 664 1116 renes
682 1064 795 1131 purgat.
1168 1079 1191 1118 ro

82 1151 117 1200 38
209 1145 331 1200 Costus
349 1142 484 1197 virtutem
502 1140 627 1195 calidam
640 1143 670 1196 et
683 1141 821 1196 acriorem
838 1141 934 1212 habet,
954 1142 1021 1197 ideo
1036 1145 1066 1198 et
1081 1160 1154 1198 com-

136 1225 222 1280 burit.
243 1222 337 1278 omnia
355 1221 563 1276 medicamenta
581 1237 655 1290 quae
672 1221 745 1276 fiunt
765 1223 817 1275 aut
834 1221 872 1275 ad
890 1221 1085 1292 <ischiadicos
1104 1226 1154 1278 aut

137 1305 195 1373 ad>
208 1301 382 1373 paralyticos
397 1303 507 1355 costum
520 1300 672 1370 accipiunt.
691 1302 829 1370 provocat
841 1300 938 1355 urinas
953 1303 983 1356 et
998 1305 1154 1372 menstrua,

135 1384 165 1436 et
183 1382 295 1435 dolores
314 1379 412 1433 lateris
432 1382 521 1434 curat.
852 1407 853 1410 ¹

82 1466 116 1514 39
208 1456 479 1528 Caryophyllum
496 1457 616 1512 nimium
634 1458 749 1513 virtutis
767 1458 879 1514 calidae
898 1461 928 1514 et
948 1459 1022 1514 acris
1041 1464 1093 1516 est.
1170 1473 1192 1514 15

81 1546 117 1594 40
208 1536 349 1591 Crocum
366 1536 455 1591 habet
472 1535 609 1590 virtutem
624 1537 757 1608 calidam,
775 1539 850 1593 unde
869 1541 900 1593 et
911 1538 1047 1595 virtutem
1067 1541 1156 1597 habet

136 1615 307 1672 maturandi.
326 1617 422 1669 estex
441 1613 538 1682 aliqua
556 1618 637 1692 parte
657 1617 818 1686 stypticam.

83 1705 117 1753 41
208 1695 320 1765 Copae
340 1693 513 1749 calefaciunt
530 1695 718 1751 vehementer.
738 1698 814 1752 unde
828 1700 858 1752 et
873 1697 1086 1754 haemorroidas
1101 1700 1156 1756 sol-

136 1777 192 1846 vit,
216 1777 246 1830 et
264 1775 289 1829 si
307 1792 371 1829 cum
394 1776 475 1829 aceto
493 1774 564 1828 trita
586 1773 682 1845 fuerit,
706 1776 859 1845 lentigines
879 1777 914 1831 de
932 1776 1005 1832 facie
1024 1779 1112 1850 tollit,
1132 1780 1156 1834 si

135 1854 276 1912 inlinieris
295 1857 325 1910 et
344 1853 386 1908 sol
405 1853 524 1908 steterit.
542 1853 613 1908 facit
631 1856 661 1909 et
678 1854 757 1925 (ad)
770 1856 864 1911 tineas
878 1856 990 1927 capitis,
1009 1857 1078 1928 <si>
1092 1860 1156 1928 quis
1169 1871 1192 1910 so

137 1935 283 1992 fricaverit
301 1934 364 1990 loca
381 1934 453 2003 ipsa.

82 2022 117 2070 42
209 2013 332 2070 Gaules
352 2013 443 2067 siccae
466 2010 581 2067 virtutis
600 2014 678 2081 sunt,
702 2015 732 2067 et
755 2013 779 2067 si
803 2014 943 2069 combusti
965 2016 1039 2070 tursi
1058 2033 1156 2072 eorum

41 2102 46 2112 ’
137 2095 251 2165 fuerint,
270 2093 390 2149 nimium
408 2092 524 2161 siccant,
544 2090 678 2160 quoniam
695 2108 783 2162 prope
801 2094 938 2149 ustulant.
958 2095 1066 2150 idcirco
1081 2114 1155 2152 com.

137 2175 292 2230 miscentur
315 2173 444 2228 caulibus
468 2172 566 2242 adipes
589 2171 712 2242 porcini,
737 2175 768 2227 et
789 2171 900 2227 faciunt
923 2174 960 2229 ad
977 2175 1155 2245 pleuriticos,

140 2253 338 2310 diaforeticum
357 2251 537 2307 adiutorium.
1168 2267 1192 2307 15

83 2342 119 2390 43
210 2332 342 2403 cymini
362 2349 457 2387 semen
479 2331 594 2387 virtutis
618 2331 729 2386 calidae
752 2334 796 2386 est
818 2332 1011 2404 vehementer,
1035 2338 1065 2390 et
1088 2354 1155 2392 ren·

138 2414 285 2469 tositatem
303 2409 418 2465 minime
437 2411 515 2479 facit,
534 2413 564 2464 et
581 2410 694 2465 urinam
711 2414 854 2481 provocat.

83 2500 119 2548 44
210 2492 376 2561 Cyperum
389 2489 499 2544 radices
509 2488 856 2559 <maxime>necessarias
871 2492 966 2549 habet.
982 2493 1156 2551 calefaciunt

210 2636 383 2710 iperannos
404 2629 437 2683 G.
547 2633 563 2681 2
582 2628 684 2684 infusis
706 2631 738 2686 G.
834 2634 939 2688 toraois
958 2633 1099 2704 inpositus
1120 2637 1153 2692 G.

136 2706 154 2754 4
169 2716 306 2754 acriorem
319 2701 410 2753 tutem
422 2701 484 2767 (stc)
498 2699 531 2754 G.
590 2709 606 2755 5
620 2700 713 2771 poids
726 2701 749 2755 81
760 2701 899 2773 disperg&
919 2721 942 2761 c.
962 2705 1108 2761 humorem
1119 2708 1152 2762 G.

140 2770 268 2841 itepidfi
283 2770 316 2825 G.
394 2769 525 2825 humecto
546 2770 579 2826 G.
671 2771 812 2827 tlactem
832 2775 865 2830 G.
954 2780 1100 2832 menstrua
1119 2779 1152 2834 G.

138 2849 172 2898 10
190 2844 264 2898 rubr.
283 2840 326 2894 Da
344 2839 424 2894 nicru
443 2841 524 2897 cicer.
545 2841 624 2896 Cicer
637 2841 721 2911 nigrfi
738 2844 764 2897 G
778 2845 866 2913 (κριός
881 2846 944 2902 Gal.
959 2847 1072 2918 Dicto).

137 2913 253 2966 hurinas
275 2910 308 2965 G.
430 2917 463 2965 11
482 2913 524 2967 De
544 2915 661 2967 costum.
681 2911 797 2967 Costum
818 2916 851 2971 G.
968 2919 1099 2973 conburit
1119 2919 1152 2974 G.

139 2988 172 3036 12
192 2983 243 3036 aut
261 2980 299 3034 ad
316 2979 482 3050 paraliticos
503 2984 536 3039 G.
619 2988 654 3037 14
673 2982 778 3037 doloris
799 2985 833 3039 G.
907 2991 941 3040 15
959 2987 1001 3043 De
1021 2989 1152 3045 cariofilo.

138 3052 301 3107 Oariofilum
320 3051 347 3106 G
366 3052 455 3118 (Pus.
469 3056 515 3120 12,
529 3057 566 3108 30
584 3084 620 3092 -
636 3070 694 3109 nou
711 3055 789 3121 opud
807 3054 871 3108 Gal.
889 3055 1007 3126 Diosc).
1090 3077 1154 3115 acre

137 3125 179 3192 (id
196 3129 236 3178 eet
254 3124 346 3191 acrae)
358 3122 390 3176 G.
430 3127 463 3176 16
482 3123 524 3176 De
542 3127 633 3177 crocu.
653 3123 756 3178 Crocus
768 3122 801 3177 G.
840 3128 873 3176 17
893 3125 1040 3195 stipticum
1048 3134 1112 3200 (sic)
1120 3133 1153 3187 G.

138 3198 171 3247 18
190 3192 232 3246 De
252 3192 322 3262 cipe.
343 3191 411 3262 Cipo
432 3193 465 3248 G.
544 3192 714 3247 emorroides
734 3191 821 3246 solu&
840 3193 873 3248 G.
948 3202 981 3249 19
1001 3199 1038 3254 si:
1058 3201 1099 3255 sic
1120 3203 1153 3257 G.

135 3263 237 3318 tritum
254 3262 342 3316 fuerit
362 3264 394 3318 G.
458 3269 492 3317 20
511 3258 542 3317 ἐν
560 3262 629 3330 cillo
650 3263 712 3317 Gal.
786 3263 824 3316 ad
842 3279 892 3319 om.
914 3264 947 3320 G.
1003 3267 1028 3320 si
1047 3287 1097 3327 om.
1121 3273 1154 3327 G.

138 3340 172 3388 22
191 3333 409 3456 combustitur.1
424 3332 449 3386 si
467 3349 564 3415 eorum
579 3317 618 3388 G.'
657 3337 720 3414 ‘'23
739 3333 916 3390 conmiscunt
936 3335 1025 3389 caulis
1045 3356 1070 3394 a.
1090 3360 1156 3410 por-

138 3404 195 3459 cini
216 3405 249 3461 G.
325 3410 360 3458 25
378 3403 543 3474 peuritrcos
563 3402 723 3458 diafontrco
745 3403 778 3459 G.
870 3413 904 3462 26
922 3405 964 3459 De
983 3405 1088 3463 cimini.
1110 3413 1156 3466 Oi-

22 3520 24 3524 .
136 3476 208 3529 mini
228 3477 261 3532 G.
335 3481 369 3530 28
388 3476 430 3530 De
448 3475 580 3545 ciperum.
600 3473 702 3543 Giperr'r
716 3474 826 3529 radices
839 3476 872 3531 G.
947 3475 1069 3531 maxime
1088 3485 1155 3537 add,

140 3546 203 3602 Gal.
215 3547 287 3615 XII,
298 3550 341 3603 54.
412 3545 520 3601 habent
540 3545 574 3603 G.
