2392 3922
505 183 694 237 ammom.
1027 186 1093 249 447

57 337 92 390 in
124 355 184 406 quo
215 337 258 392 roi
290 355 392 394 venere
772 343 887 399 sinistra
900 360 967 399 vero
982 348 1092 400 estma-

59 426 129 463 usus
149 408 306 479 perficitur.
770 413 834 469 trix.
858 415 889 539 {n
908 433 964 483 qua
983 433 1093 486 sperma

770 502 857 540 mrsos
872 504 913 541 ur.

96 622 390 693 (18)Namoumoon-
454 625 509 693 (18)
521 640 588 677 nam
600 641 664 678 oum
673 641 739 679 oon·
804 628 1090 698 (18)oonoeptiooele-

59 693 186 763 oipimur
211 697 316 749 natura
341 711 390 749 vo·
418 693 538 763 cipimus
564 698 667 749 natura
690 713 738 750 vo·
768 697 873 752 brotur.
906 703 1010 754 natura
1042 719 1090 756 vo-

60 767 175 819 oentom
200 765 257 820 viri
285 782 388 821 samon.
416 765 493 820 lente
516 782 551 820 ox
578 766 633 820 viri
656 766 738 821 semi·
767 766 852 823 lente.
873 770 904 822 id
918 773 962 824 est
979 770 1035 825 viri
1049 789 1091 826 se-

60 839 90 890 ot
115 835 249 892 mulieris
275 837 389 907 sangui-
416 853 452 891 ne
476 839 505 892 ot
530 836 657 892 mulieris
675 855 738 891 san-
767 837 851 894 mine.
893 843 923 894 et
963 842 1090 896 mulieris

58 923 133 962 nam
150 906 289 974 Quamvis
304 907 389 990 otUip-
416 907 502 977 guina
547 908 737 978 coagulamur.
768 909 935 978 sanguinem
959 914 1089 979 quamvis

60 994 232 1034 sumsemen
241 979 388 1050 sangumis
416 996 589 1047 quamquam
603 982 632 1033 et
646 979 740 1049 ipsum
767 982 796 1034 et
809 979 887 1033 virili
902 997 1012 1050 sperma
1026 1001 1089 1038 san-

60 1049 105 1103 sit.
123 1050 205 1105 unde
220 1053 250 1105 et
265 1050 387 1105 maiores
416 1066 512 1104 samon
543 1050 659 1120 sanguis
692 1051 737 1105 sit.
766 1050 830 1120 guis
857 1056 991 1107 noscatur
1018 1070 1087 1110 osso.

58 1120 159 1176 nom-i.
178 1122 236 1176 hoo
255 1125 299 1177 est
312 1121 388 1192 prio·
415 1122 490 1176 unde
513 1138 577 1175 oum
600 1121 738 1191 sanguine
766 1122 883 1177 undeet
899 1123 1020 1178 maiores
1039 1142 1088 1179 no-

58 1207 109 1247 ros.
147 1195 289 1262 cognatos
323 1211 387 1248 suos
414 1191 738 1248 vocamurhinoautam
766 1193 817 1246 stri
863 1195 1087 1264 consanguineos

57 1279 120 1318 eum
143 1263 319 1334 sanguineos
338 1281 386 1319 vo·
414 1264 572 1318 homerus
596 1263 645 1318 ait.
671 1281 738 1318 nam
765 1264 988 1333 appellaverunt.
1058 1270 1087 1321 ot

57 1335 125 1388 aaut
163 1333 220 1389 hoo
261 1351 386 1416 agemus.
414 1337 525 1389 mutato
554 1335 660 1389 semine
683 1335 737 1389 hoo
765 1336 1013 1406 consanguinitate
1038 1356 1087 1407 pa-

56 1403 259 1474 Namquituos
272 1406 386 1460 srmsnis
414 1409 458 1461 est
483 1405 651 1475 sanguinem
675 1406 736 1475 glo·
764 1407 1088 1464 ternalismatema'na·

56 1474 110 1530 hoo
138 1479 187 1531 ost
218 1477 387 1546 sanguinem
413 1476 487 1531 riose
511 1475 569 1531 soio
598 1477 736 1545 quosdam
764 1480 817 1533 tos.
841 1495 909 1532 nam
928 1479 1032 1533 dicitur
1050 1481 1086 1534 ab

56 1545 192 1615 glorioris
231 1548 282 1602 sed
318 1565 387 1616 quo·
415 1547 527 1602 dixisse.
538 1548 679 1616 quomodo
694 1565 736 1602 sa·
764 1548 904 1618 imperitis
946 1552 1086 1618 quomodo

56 1617 141 1673 modo
156 1634 258 1673 seman
271 1619 386 1689 sangui-
413 1635 477 1672 men
486 1618 601 1688 sanguis
612 1621 662 1672 est.
673 1635 736 1673 oum
764 1636 876 1688 sperma
895 1622 1011 1690 sanguis
1026 1639 1086 1677 esse

56 1705 141 1743 neum
166 1692 213 1744 est
239 1707 303 1744 oum
322 1707 386 1744 san·
413 1689 529 1759 sanguis
560 1689 598 1743 sit
622 1690 734 1744 rubeus.
762 1693 858 1759 potest
877 1708 940 1745 oum
960 1692 998 1745 sit
1012 1693 1084 1748 albe.

56 1760 117 1830 guis
148 1776 251 1815 roseos
285 1761 325 1815 sit
357 1764 386 1816 et
413 1763 442 1814 et
461 1777 557 1814 semen
582 1759 736 1814 candidum
762 1777 813 1814 nos
834 1764 929 1815 autem
948 1765 1025 1816 certa
1041 1780 1085 1816 ra-

57 1831 203 1887 remansit
215 1833 384 1887 candedum.
413 1831 458 1886 sit.
472 1831 589 1884 adhaec
600 1847 666 1900 ergo
677 1848 734 1885 oer-
762 1831 1085 1900 tioneprobamusmare

58 1901 266 1958 &mancione
278 1903 385 1958 docebo
411 1904 472 1956 tam
496 1902 636 1957 rationem
662 1902 733 1957 dieo.
763 1901 838 1956 onim
870 1906 902 1956 ut
930 1903 956 1957 ei
981 1906 1085 1957 natura

57 1990 138 2043 quam
152 1975 313 2029 admodum
325 1992 385 2029 ma-
411 1973 498 2027 maris
527 1972 625 2027 oceani
651 1976 734 2026 natu·
761 1972 871 2028 tribuit.
886 1973 1084 2028 estaolorovi-

57 2044 202 2101 risooiani
216 2044 321 2100 coloris
332 2049 383 2101 est.
412 2043 734 2099 ramooloremviridem
761 2043 839 2099 ridis.
859 2046 973 2112 quando
988 2048 1084 2099 autem

57 2117 99 2172 rel
117 2118 200 2186 quod
214 2115 266 2171 ille
282 2120 385 2171 natura
411 2115 734 2184 habetsiquandotem-
761 2115 979 2184 tempestatibus
989 2133 1083 2170 move-

57 2188 166 2243 munit.
208 2186 240 2242 Si
271 2188 384 2256 quando
411 2190 507 2256 postas
539 2186 677 2256 impetum
704 2186 734 2239 in
761 2189 815 2241 tur.
845 2204 944 2255 spuma
968 2186 1081 2242 emittit.

57 2261 214 2330 tempestas
246 2258 385 2327 impetum
410 2261 556 2327 petrarum
566 2256 733 2326 scopulisf..
762 2260 792 2312 et
810 2257 834 2312 si
857 2257 969 2326 nigrum
987 2257 1084 2311 vinum

58 2329 203 2400 impetras.
219 2329 384 2398 atscupolis
412 2331 490 2397 (loo.)
512 2328 642 2382 conlisus.
669 2345 734 2381 oon·
761 2327 792 2381 in
811 2328 940 2396 quolibet
962 2346 1012 2383 vas
1036 2345 1082 2382 ex-

59 2401 189 2456 eoniisus.
224 2416 292 2454 mox
320 2418 383 2470 spu·
411 2400 492 2454 tinuo
500 2417 629 2469 spumam
637 2397 734 2452 alhen—
762 2399 895 2468 agitetur,
956 2416 1083 2468 spumam

58 2471 297 2528 mumoandidam
305 2471 383 2526 facit.
410 2474 469 2525 tom
487 2470 565 2525 facit.
593 2469 617 2523 si
636 2469 734 2523 vinum
762 2470 914 2524 candidam
941 2470 1018 2526 faoit.
1046 2471 1082 2524 si-

58 2541 95 2598 ia
115 2546 152 2598 ut
176 2558 265 2611 quem
288 2542 384 2596 admo·
410 2540 733 2612 nigruminoalicoagi-
761 2540 862 2613 mili[s]
882 2559 948 2596 vero
972 2543 1082 2596 rationo

59 2613 119 2668 dum
135 2614 243 2669 vinum
260 2612 383 2682 nigrum.
411 2615 504 2668 tatum
518 2629 647 2680 spumam
662 2611 734 2666 facit
761 2613 1082 2681 etsanguisoonoussus.

58 2683 221 2740 isoalicem
241 2683 384 2754 agitatum
411 2684 556 2766 attentem
578 2682 666 2764 simili
689 2699 733 2736 ra·
760 2682 998 2765 iualuitudinem
1021 2701 1082 2738 ver-

58 2754 383 2882 auraufflb
410 2755 733 2881 saussaius
759 2755 1081 2891 iiiiiiitiuiss:

59 2913 89 2952 ro
102 2897 224 2968 sanguis
237 2899 336 2951 noster
345 2897 383 2950 ad
409 2896 646 2969 percussuz<ram
686 2911 730 2948 sia
759 2895 853 2946 matur
879 2893 981 2948 infans.
1015 2911 1080 2947 nam

154 2987 216 3041 HI
224 2985 282 3054 (D)
515 2984 622 3052 IV(P)
884 2983 962 3050 Vm)

61 3146 225 3220 singillatim
241 3161 389 3215 exponam.
406 3162 459 3214 pro
474 3145 571 3215 quibus
583 3143 629 3211 (cf.
644 3159 660 3196 o
674 3142 712 3194 ad
726 3158 747 3194 c.
762 3143 799 3195 25
807 3139 843 3209 0)
854 3147 945 3195 iamai
959 3143 1080 3210 sequitur

62 3220 205 3276 sxvm
231 3215 312 3283 Quae
336 3215 420 3285 signa
446 3215 477 3269 in
500 3211 698 3268 laborantibus
721 3210 822 3265 letalia
844 3213 947 3280 dequo
971 3219 1003 3266 tr.
1023 3213 1077 3266 oid.

62 3286 130 3360 lost,
148 3292 228 3348 Vm.
245 3289 295 3343 der
309 3287 374 3341 Lat.
394 3286 459 3341 Hss.
485 3288 510 3341 d.
525 3285 602 3339 Beri.
622 3283 697 3337 Bibi.
713 3283 739 3350 I,
754 3286 833 3336 374⁶.
856 3289 973 3336 ceterum
994 3283 1079 3336 simili

63 3364 171 3433 molo
184 3359 292 3418 codicis
310 3358 459 3412 Barbaria.
474 3358 535 3423 IX,
553 3359 591 3410 29
614 3355 763 3422 appendici
788 3370 856 3422 qaae
878 3360 917 3407 est
941 3355 1078 3423 fraumen-

63 3436 138 3489 ΜΩ
158 3433 310 3490 sardonia
333 3429 401 3484 med.
425 3429 614 3497 iasa—289
635 3441 735 3478 manas
758 3425 892 3504 quaedum
914 3441 1005 3479 roceas
1030 3424 1079 3478 ad·

63 3506 159 3575 minuit
171 3499 361 3575 Isagogioum
380 3499 419 3554 ad
436 3497 607 3554 medicinam
626 3497 742 3550 auctore
760 3496 957 3565 mnommato.]
