2392 3922
123 167 190 233 344
460 159 810 215 PanDO-Tfiaonom

123 327 190 380 bere
209 325 354 377 menstrua
372 320 522 376 consuerit.
547 319 601 373 hoo
620 321 650 374 et
671 317 788 372 noxium
805 333 933 372 umorem
951 318 1083 373 matricis
1102 336 1163 374 ex-.

125 405 221 460 siccat.
249 401 377 472 puleium
400 417 540 470 acapnum
558 401 609 453 aut
626 397 718 453 viride
741 414 806 452 cum
827 413 925 451 murra
943 400 1022 453 teres
1041 401 1072 453 et
1089 418 1146 454 mu-

123 483 187 537 lieri
211 481 341 536 subicies.
370 480 464 536 violae
484 479 610 548 seminis,
637 494 749 532 murrae
772 493 828 530 ana
847 476 909 536 ÷1
929 476 1017 531 simul
1040 480 1101 534 tere
1119 481 1147 533 et

124 580 188 617 cum
206 560 267 616 vini
286 559 432 630 quartario
451 559 546 629 misce,
565 561 596 613 et
612 557 694 628 potui
713 557 789 610 dato.
810 555 834 609 si
853 557 951 610 autem
969 559 1085 625 partum
1102 575 1144 612 ex-

96 645 221 698 acutere
240 640 380 709 volueris,
400 638 538 709 superiori
555 638 666 709 potioni
684 636 790 708 piperis
809 652 900 706 grana
913 635 941 689 V
960 639 1012 691 aut
1026 637 1081 693 VII
1098 643 1145 694 aut

123 720 202 776 VIIII
221 719 380 775 commisce.
408 719 514 774 herbae
532 717 693 773 vettonicae
712 716 837 786 pulveris
852 715 928 786 scrip
942 716 983 770 ΙΠ
1003 733 1070 771 cum
1086 718 1142 772 vini

127 800 217 855 dulcis
239 803 323 870 eyato
338 801 351 854 I
366 802 395 855 et
414 815 505 868 aquae
524 798 634 852 calidae
654 797 744 866 cyatis
758 797 812 850 1111
829 796 911 866 potui
931 797 981 867 da,
1000 801 1143 853 menstrua

127 880 250 935 deducit.
271 879 468 952 <artemisiam
485 878 584 932 tritam
602 894 665 930 cum
679 876 778 932 hordei
796 875 890 930 farina
909 893 1001 945 coque
1022 883 1052 933 et
1066 895 1143 948 super

125 961 268 1031 pectinem
281 959 424 1033 impone).
448 958 550 1012 mulier
562 957 648 1011 facile
664 959 811 1027 purgatur,
831 957 855 1010 si
869 957 948 1038 lauri
959 957 1052 1013 bacas
1064 958 1141 1014 tritas

87 1055 114 1094 10
131 1058 194 1097 cum
212 1040 279 1095 vino
297 1040 387 1095 bibat.

217 1183 264 1238 IV.
288 1183 335 1237 De
354 1181 522 1251 sanguine
540 1177 746 1234 menstruali
766 1178 1052 1249 constringendo.

200 1280 280 1345 Quod
299 1279 440 1347 quaedam
458 1278 559 1333 volunt
576 1276 698 1331 feminae
712 1292 785 1345 quae
800 1274 855 1329 sibi
871 1277 1020 1330 menstrua
1040 1274 1138 1330 differri

130 1358 293 1412 desiderant
310 1361 425 1426 propter
444 1357 570 1425 aliquam
587 1355 780 1426 occupationis
795 1372 918 1425 causam,
938 1373 987 1410 cas
1002 1354 1049 1409 his
1063 1355 1138 1409 rebus

126 1436 282 1504 constringi
302 1438 421 1505 oportet.
450 1437 496 1489 fici
515 1436 585 1490 folia
604 1439 717 1490 contere
736 1438 843 1490 etcum
860 1435 921 1489 vini
939 1435 1018 1506 nigri
1031 1435 1138 1491 hemina

84 1526 109 1565 15
126 1514 208 1583 potui
227 1513 303 1568 dato.
332 1513 404 1568 haec
421 1514 501 1584 potio
520 1515 608 1569 etiam
625 1514 794 1584 profluvium
811 1513 948 1584 reprimit.
978 1515 1059 1571 item.
1075 1512 1136 1568 mali

122 1592 236 1662 granati
264 1591 398 1646 corticem
424 1596 499 1648 teres
527 1597 556 1647 et
583 1611 680 1648 cernes
710 1598 740 1650 et
766 1594 838 1664 picis
865 1595 1039 1649 tantundem
1061 1596 1091 1648 in
1112 1609 1136 1648 se

127 1671 322 1726 commiscebis
342 1675 372 1726 et
390 1689 424 1725 ex
442 1690 475 1728 eo
495 1676 632 1743 quantum
645 1675 737 1729 tribus
753 1674 852 1744 digitis
867 1675 1081 1743 apprehendere
1094 1690 1136 1744 po·

126 1750 196 1806 teris
219 1751 249 1805 in
272 1752 332 1807 vini
356 1752 456 1822 optimi
480 1754 509 1807 55
523 1753 549 1806 Π
567 1753 712 1824 infundes,
741 1758 770 1809 et
798 1753 899 1809 exinde
924 1754 1041 1824 singula
1064 1771 1138 1825 quar-

126 1831 201 1886 taria
219 1832 331 1886 mulieri
350 1833 431 1902 potui
451 1833 541 1888 dabis.
561 1833 631 1888 item
649 1834 700 1903 git,
719 1851 830 1888 murrae
852 1850 907 1888 ana
920 1848 957 1894 ÷
972 1835 986 1888 I
1000 1851 1066 1888 cum
1078 1833 1137 1888 vino

200 2033 214 2081 1
236 2028 320 2082 eiciet
339 2048 363 2083 c.
458 2035 473 2082 2
493 2028 692 2098 puleium-(4)
713 2029 780 2083 dato
799 2046 850 2083 om.
869 2048 896 2084 a.
988 2008 1099 2099 aeapimi
1117 2030 1136 2083 t.

128 2100 235 2153 3Item
253 2118 279 2154 v.
300 2117 320 2155 s.
340 2117 365 2172 9.
439 2103 551 2154 contere
569 2120 594 2172 9.
687 2099 788 2153 trino
808 2102 832 2168 b,
851 2099 918 2153 vino
936 2099 1030 2154 veteri
1048 2119 1073 2172 9.

129 2187 175 2238 qu.
195 2187 245 2226 om.
265 2189 289 2241 9.
408 2173 521 2240 partum
539 2191 591 2243 cp:
611 2172 675 2226 Η
690 2170 811 2240 (mulier)
831 2172 854 2226 b.
964 2171 1096 2226 emittere
1113 2189 1138 2224 a.

129 2247 144 2293 ὃ
165 2242 327 2309 supradicte
346 2261 365 2296 a
388 2286 394 2297 .
485 2243 609 2311 quinque
629 2244 679 2296 aut
696 2258 798 2296 novem
816 2260 842 2296 a.
930 2248 945 2295 6
965 2242 1097 2297 vetonica
1115 2243 1138 2295 b:

128 2311 259 2382 betonice
270 2330 317 2382 α9.
369 2260 400 2367 i
410 2330 436 2366 v.
447 2312 496 2382 (b.)
506 2313 600 2382 pulvis
615 2315 631 2367 b
635 2331 664 2383 9,
679 2311 803 2381 pulveris
817 2312 845 2367 b.
856 2331 880 2366 a.
932 2311 992 2366 vini
1008 2313 1101 2368 dulcis
1114 2330 1139 2367 a:

128 2381 194 2436 vino
215 2381 292 2435 dulci
310 2400 335 2452 9,
354 2382 420 2437 vino
440 2385 464 2437 b.
537 2387 566 2438 et
585 2401 610 2438 a.
630 2400 656 2451 q.
677 2383 767 2438 ciatos
785 2402 816 2438 a:
836 2401 861 2437 a.
881 2400 903 2438 c.
923 2382 1014 2437 ciatos
1035 2387 1060 2453 b,
1081 2401 1104 2439 a.
1119 2399 1139 2437 o.

128 2450 211 2505 ciatis
230 2469 254 2521 9.
330 2452 445 2521 upotui
465 2453 502 2506 da
521 2456 536 2508 b
555 2456 592 2522 (p.
613 2455 711 2507 datum
728 2457 768 2525 9);
790 2470 840 2509 om.
860 2473 885 2510 c.
957 2472 995 2508 m.
1015 2455 1142 2509 educito

128 2526 190 2586 (om.
210 2529 248 2591 9).
323 2527 338 2574 8
358 2524 439 2591 (Item
458 2525 520 2578 add.
542 2528 570 2594 a)
590 2524 793 2594 art-impone
812 2543 864 2597 cp:
884 2542 934 2580 om.
954 2527 977 2579 b.
1072 2531 1088 2579 9
1107 2543 1140 2578 m.

127 2590 197 2644 satis
217 2590 274 2644 cito
294 2594 323 2645 et
341 2592 359 2646 f.
380 2593 549 2661 purgabitur
568 2615 593 2650 a.
667 2596 751 2650 tritas
771 2600 823 2652 bc:
843 2596 950 2651 caricas
968 2615 993 2667 9.
1052 2601 1087 2651 10
1100 2595 1141 2650 bi-

127 2661 179 2714 bat
196 2679 249 2732 pc:
269 2664 350 2730 potet
368 2665 391 2717 b.
498 2671 529 2719 11
550 2666 610 2720 XV.
629 2666 672 2720 De
692 2667 829 2722 dilatione
848 2666 1026 2737 purgationis
1045 2685 1071 2738 9.

127 2737 160 2784 12
181 2731 308 2797 Quedam
326 2733 430 2806 femine
450 2735 552 2791 volunt
566 2736 672 2792 differri
688 2738 742 2793 sibi
757 2739 955 2809 purgationem
973 2754 1024 2808 pro
1044 2738 1142 2806 aliqua

127 2819 150 2884 ο..
172 2820 265 2858 causa.
284 2803 329 2857 his
349 2808 461 2874 oportet
480 2808 704 2879 constringentia
723 2810 796 2864 talia
815 2811 877 2865 dari
894 2829 919 2882 9,
939 2809 1069 2882 Quedam
1082 2827 1141 2862 mu-

126 2874 210 2930 heres
230 2877 368 2944 suntque
388 2876 443 2931 sibi
466 2883 611 2934 menstrua
629 2880 730 2934 volunt
754 2881 872 2935 deficere
895 2883 1053 2950 proptera.
1074 2896 1098 2935 o.
1119 2896 1142 2933 c.

127 2963 182 3012 que
201 2946 245 3001 his
264 2946 347 3001 rebus
367 2964 390 3003 c.
410 2965 434 3003 o.
455 2969 480 3005 o.
555 2949 666 3005 differre
685 2953 709 3005 b.
783 2957 817 3005 14
835 2950 881 3003 fici
901 2953 952 3006 bc:
975 2951 1044 3005 ficus
1062 2960 1089 3022 9,

129 3022 163 3069 15
184 3019 220 3072 da
238 3037 264 3089 9,
372 3019 426 3074 hoc
446 3021 534 3076 etiam
553 3041 578 3091 a,
597 3021 651 3074 hoc
669 3021 757 3075 etiam
776 3022 805 3073 et
822 3038 846 3090 9.
956 3022 1028 3075 Item
1047 3038 1097 3076 osa.
1118 3040 1143 3076 a.

125 3124 194 3178 teris
214 3132 260 3181 etc.
276 3127 304 3180 b:
324 3128 384 3180 tere
402 3133 449 3182 etc.
462 3129 551 3198 (icari.)
562 3145 611 3199 α9.
668 3132 701 3180 16
716 3125 745 3178 in
760 3124 842 3178 simul
859 3144 884 3179 a.
940 3131 974 3180 17
989 3095 1142 3184 comisciib

120 3232 198 3297 (-ce
218 3234 274 3302 99).
366 3248 452 3287 exeo
471 3250 521 3288 om.
541 3251 566 3304 9.
656 3233 865 3310 9111111199
885 3209 905 3300 (ἶ
923 3235 947 3287 b.
996 3252 1139 3304 -appre-

118 3299 243 3356 bendere
262 3303 291 3356 b:
310 3301 406 3357 levare
424 3322 451 3372 a,
470 3320 520 3358 om.
541 3322 566 3374 9.
640 3308 673 3355 18
693 3300 823 3355 sextarils
843 3302 953 3356 duobus
972 3321 1002 3372 a,
1022 3319 1058 3363 ÷
1072 3308 1099 3360 H
1113 3327 1139 3379 9.

174 3374 203 3425 et
220 3371 302 3440 potui
322 3373 404 3426 dabis
425 3375 538 3429 breviter
552 3393 577 3428 a.
633 3370 778 3441 quartaria
797 3372 825 3426 b:
844 3371 912 3426 fiala
930 3391 954 3443 9.
1011 3380 1045 3427 19
1061 3376 1099 3430 da
1112 3397 1137 3449 9.

118 3437 189 3561 iter?
208 3444 259 3496 bc:
278 3459 328 3496 om.
343 3462 368 3514 9.
418 3443 506 3513 gito,
528 3443 600 3498 Gitti
615 3447 639 3513 b,
660 3441 738 3511 Gipti
752 3460 776 3512 9.
829 3460 882 3511 pro
901 3461 956 3498 ana
971 3446 1011 3498 bie
1024 3447 1107 3501 babet
1121 3468 1140 3503 a

115 3521 153 3567 ÷
182 3513 272 3577 ‚item
289 3530 314 3567 o.
328 3530 380 3582 seq.
