2392 3922
90 160 97 172 ’
123 185 189 250 304
455 182 800 237 resono-rasonoar

194 345 279 397 Item
301 344 338 396 ut
360 341 483 396 mulier
506 343 668 431 corrupta
692 340 792 409 virgo
820 343 999 410 appareat.
1036 341 1136 413 recipit

123 422 237 477 mirram
251 420 379 475 libanum
388 419 597 476 colofonium
568 435 661 490 picem
670 419 910 490 auripigmentum
918 421 1019 476 bolum
1032 423 1137 492 gallam

123 501 206 556 aloen
224 519 345 570 gypsum
359 517 446 555 cornu
460 500 604 555 cervinum
616 498 738 555 incisum
751 500 966 593 aristolochiam
978 503 1135 558 rotundam

123 580 269 650 pulverem
287 580 333 635 fac
352 584 381 635 et
399 584 486 635 utere.

98 676 111 717 ι
195 661 246 714 Ad
264 660 435 715 stomachi
454 661 615 715 dolorem.
648 659 830 728 argentillam
847 675 913 713 cum
929 659 998 714 vino
1009 658 1137 716 'tbonoe

125 740 222 810 pipere
240 740 331 795 bibat.

195 820 379 890 Epithema
402 820 491 888 quod
515 821 670 873 ventrem
692 818 769 888 plus
793 818 901 873 solvit
923 835 1026 886 qnam
1048 835 1137 874 cero·

126 903 202 956 tum.
240 900 341 971 recipit
364 899 529 969 cyclaminis
551 897 691 967 radicum,
720 897 832 952 elaterii
856 901 887 952 et
909 897 1047 953 foliorum
1074 899 1137 965 eius,

126 980 245 1034 ellebori
263 979 324 1035 albi
338 983 368 1034 et
380 979 463 1049 nigri,
483 979 581 1034 scillae
594 977 664 1032 nitri
680 977 841 1033 scamoniae
859 977 982 1032 euforbii
1001 996 1059 1033 ana
1072 979 1137 1045 ÷1,

87 1077 113 1115 ro
129 1059 306 1129 stafisagn'ae
325 1073 360 1120 ÷
373 1060 395 1128 I,
414 1076 495 1114 cerae
514 1063 543 1113 et
560 1059 632 1128 picis
651 1075 707 1113 ana
725 1072 761 1117 ÷
774 1058 808 1127 V,
832 1057 889 1112 olei
910 1057 1018 1113 veteris
1031 1071 1069 1118 ÷
1081 1059 1137 1113 1111.

126 1143 185 1194 tere
205 1143 234 1194 et
247 1140 334 1194 misce
348 1157 412 1194 cum
426 1156 492 1194 suco
506 1139 667 1206 herbarum,
686 1139 793 1193 addens
807 1137 883 1193 fellis
898 1137 1008 1193 taurini
1022 1140 1044 1202 3
1058 1138 1138 1193 XXX.

126 1219 212 1272 induc
235 1219 324 1274 linteo
348 1223 380 1274 ut
402 1221 495 1273 totum
518 1222 645 1273 ventrem
667 1221 765 1272 teneat
787 1220 817 1272 et
838 1219 904 1288 post
930 1217 1004 1287 galli
1028 1221 1140 1273 cantum

127 1298 247 1366 impone.
277 1315 341 1352 cum
359 1298 443 1352 sellas
461 1298 620 1368 perfecerit,
639 1297 727 1352 intret
744 1297 886 1352 balneum.

197 1376 401 1430 Antidotum
415 1378 458 1431 ad
471 1377 667 1432 memoriam
680 1377 916 1433 revocandam
934 1376 1041 1446 recipit
1050 1377 1141 1448 spicae

87 1470 113 1511 15
127 1455 235 1544 agarici
254 1455 406 1524 zingiberis
425 1473 481 1510 ana
494 1458 551 1546 5I,
569 1456 676 1526 piperis
689 1457 756 1525 5II,
775 1457 848 1511 costi
866 1456 943 1512 aloes
965 1457 1141 1512 alexandrini

127 1533 241 1586 seminis
261 1534 399 1588 absinthii
417 1535 520 1604 prassii
538 1535 704 1605 hyoscyami
722 1553 778 1591 ana
790 1537 843 1606 51,
869 1537 962 1592 mellis
982 1536 1141 1641 despumati

127 1613 203 1680 quod
222 1613 333 1668 sufficit.

198 1692 392 1762 Fumigium
411 1695 453 1747 ad
473 1694 732 1750 haemorroides
750 1695 946 1751 mirificum.
984 1713 1060 1766 pone
1079 1714 1142 1752 can·

128 1770 265 1840 tharidas,
285 1772 376 1841 spolia
391 1773 537 1843 serpentis,
556 1776 751 1844 peucedanum
765 1774 931 1844 aequaliter,
946 1775 990 1830 ita
1002 1779 1038 1831 nt
1051 1776 1143 1831 fumus

88 1869 114 1909 eo
128 1850 235 1905 ibidem
252 1853 394 1908 ascendat.

198 1931 413 2002 Unguentum
426 1933 587 1988 mirabile
602 1934 692 2002 quod
705 1934 794 1989 facit
809 1934 964 1989 arthritiois
978 1934 1143 1991 ischiadicis

127 2011 293 2080 paralyticis
313 2011 409 2067 colicis
428 2014 509 2068 etad
528 2030 638 2068 omnem
661 2013 788 2068 dolorem
805 2018 835 2069 et
857 2016 895 2069 ad
921 2031 1018 2070 omnes
1037 2019 1142 2086 guttas.

128 2090 229 2161 recipit
248 2091 355 2146 salviae
375 2091 492 2147 sabinae
510 2092 701 2148 calaminthae
724 2093 813 2163 puleii
835 2097 916 2149 rutae
936 2095 1060 2149 samsuci
1079 2097 1144 2150 cha-

129 2170 263 2239 maemyli
281 2171 379 2226 scillae
402 2172 540 2227 absinthii
563 2172 635 2227 ireos
659 2172 736 2227 acori
755 2173 851 2243 cyperi
871 2173 953 2244 ysopi
972 2175 1052 2243 aneti
1071 2174 1145 2230 lauri

90 2264 116 2304 ιι
129 2250 261 2305 foliorum
280 2251 407 2306 sambuci
432 2253 594 2307 herbae...
610 2251 741 2307 althaeae
759 2253 863 2307 radicis
883 2253 1019 2322 bryoniac
1039 2255 1145 2309 radicis

128 2330 231 2399 prassii
250 2331 382 2385 abrotoni
395 2331 527 2386 fohorum
541 2331 741 2387 aristolochiae
754 2333 894 2387 rotundae
910 2332 1027 2402 serpylli
1046 2333 1145 2389 inulae

130 2408 328 2463 aristolochiae
360 2410 462 2480 longae
494 2427 558 2464 cum
584 2411 661 2466 foliis
689 2412 852 2468 artemisiae
884 2412 1008 2467 antulae.
1048 2430 1147 2469 omnes

129 2488 231 2540 herbas
249 2488 339 2556 pista,
358 2492 387 2543 et
405 2489 435 2543 in
453 2489 520 2544 vino
539 2490 646 2560 optimc
667 2491 766 2547 diebus
785 2492 876 2547 tribus
895 2495 1037 2547 maneant.
1076 2498 1147 2548 tunc

130 2582 217 2634 coque
236 2566 301 2620 illas
320 2567 351 2620 in
369 2569 468 2623 eodem
486 2569 554 2624 vino
573 2575 602 2626 et
620 2575 719 2641 torque
738 2572 770 2625 in
786 2589 881 2642 panno
901 2575 934 2625 ut
952 2571 1043 2626 omnia
1063 2591 1147 2628 umor

90 2657 115 2697 eo
130 2649 220 2714 exeat,
240 2648 268 2699 et
286 2648 354 2700 tunc
373 2649 447 2702 adde
466 2649 566 2705 oleum.

202 2837 323 2904 1113-
299 2853 410 2906 -Ccor
428 2853 472 2907 vir
490 2858 635 2925 appareat.
656 2859 720 2922 be
765 2850 977 2911 acolofonb.
1039 2856 1148 2912 oasin

131 2938 155 2976 o
174 2921 361 2978 Pulverem..
374 2925 423 2979 ..b
498 2926 719 2996 lEpithimab.
792 2929 896 2989 81ιι.
977 2925 1006 2981 U.
1024 2927 1148 2982 radices

125 2991 271 3048 Electerii.
292 2997 321 3048 et
338 2967 451 3051 foliab
538 2995 959 3064 9squilleb.10ol'.ob
1053 3003 1085 3051 11
1107 2998 1148 3053 fel

130 3081 288 3138 ιιιιιιιιιιιι.
361 3082 424 3135 idul
440 3083 485 3154 Ιι.
559 3089 592 3136 15
611 3091 654 3148 55.
674 3089 773 3146 ana5.
792 3082 951 3154 Pipis...h
954 3130 959 3140 .
1037 3085 1147 3143 aloeh.

131 3158 165 3205 16
183 3151 378 3233 iusquiamib.
444 3159 476 3207 18
496 3154 710 3210 emorroidasb.
784 3158 817 3206 19
838 3126 1016 3223 spontis(so'c
1012 3158 1085 3224 )ι.

129 3222 361 3291 peucidanumb
452 3230 485 3278 21
505 3224 660 3278 artheticis.
680 3223 847 3279 sciaticisb.
943 3231 977 3280 28
997 3226 1149 3285 Sauineb

202 3294 416 3349 Oalamentisb.
490 3295 642 3349 Sansucib
705 3293 913 3350 Oamomilleb.
973 3302 1008 3349 24
1028 3296 1046 3350 S
1047 3297 1148 3364 quille.

130 3362 301 3419 Absinciib.
357 3370 390 3418 25
405 3365 552 3420 sabuciib.
606 3364 702 3420 Herba
719 3364 787 3420 luia.
808 3365 928 3421 Alteeb.
985 3372 1019 3420 26
1033 3366 1149 3425 Prassu.

130 3433 278 3488 Abrotani
307 3434 450 3488 Foliorum
472 3435 588 3490 airlto
609 3434 729 3504 Serpilli.
755 3434 855 3509 Enulp
880 3435 962 3492 Arilt.
987 3437 1102 3494 Lcirf.
1124 3443 1149 3496 b

131 3542 165 3599 27,
183 3536 288 3591 Antule
309 3540 371 3606 (sir)
392 3539 414 3593 b.
470 3544 504 3592 28
522 3539 599 3609 pista
618 3543 641 3597 ι.
697 3545 730 3596 29
749 3559 796 3610 qq;
815 3545 946 3613 (quoque)
966 3544 988 3597 b.
1050 3541 1103 3598 illa
1123 3548 1148 3602 b.

143 3663 163 3698 θ
