2392 3924
133 177 177 241 64
444 177 636 229 aaronem
653 177 834 230 personui

134 347 185 423 qui
203 344 260 404 boc
279 343 366 403 modo
389 343 456 402 fieri
478 342 574 402 debet.
612 361 688 421 aqua
709 344 741 402 in
764 360 823 421 qua
846 343 959 404 calcem
981 346 1078 405 vivam
1100 362 1147 405 ex·

132 435 310 513 tinguimus,
342 434 503 492 miscemus
536 431 679 492 saeculam
712 433 824 492 nitrum
856 438 887 493 et
920 451 1062 512 saponem
1095 433 1146 494 sub

133 539 227 600 aequa
250 521 473 601 ponderatione,
495 527 526 581 et
549 539 586 580 ex
606 521 676 581 binc
694 520 817 581 linimus
835 520 901 581 loca
920 539 996 600 quae
1015 521 1148 583 comburi

133 612 238 670 mitius
256 609 362 689 placet.
396 627 486 689 super
499 616 599 670 tamen
618 609 825 688 cataplasmate
843 609 910 670 loca
928 611 1055 690 tegenda
1075 617 1148 691 sunt,

107 699 277 778 cquamdiu
309 699 449 759 escharae
480 698 586 758 cadant
614 717 688 776 quae
717 697 805 758 altius
833 698 1037 761 inhaerebant.
1084 706 1149 761 sunt

135 795 164 848 et
187 787 244 848 alia
268 807 343 867 quae
366 787 458 848 veluti
486 786 583 847 clavos
611 789 727 865 possint
755 786 897 866 evellere,
925 795 959 849 ut
982 807 1039 850 uva
1066 807 1148 869 passa

134 876 287 938 enucleata
320 876 381 937 sola
415 877 542 936 contrita
574 876 671 936 lacere
704 875 787 936 solet.
839 883 891 936 aut
918 877 969 937 lici
996 880 1094 939 siccae
1120 880 1148 938 in

133 967 202 1026 vino
227 966 366 1026 decoctae
390 972 420 1025 ct
442 967 539 1025 tritae.
586 967 629 1025 sic
653 964 747 1044 lupini
770 966 802 1024 in
824 966 894 1025 vino
917 965 1059 1027 similiter
1077 968 1147 1027 cocti

135 1061 164 1114 et
186 1057 305 1134 purgati
327 1061 466 1115 teruntur
490 1060 519 1114 et
542 1055 744 1133 imponuntur.
786 1055 831 1113 sic
850 1059 985 1115 stercora
1004 1055 1147 1117 columbo·

95 1157 120 1197 10
134 1162 201 1203 rum
229 1162 298 1206 cum
324 1143 411 1204 melle
440 1145 574 1203 contrita.
622 1145 665 1202 sic
692 1149 792 1203 menta
820 1160 887 1202 cum
916 1161 995 1222 aqua
1018 1146 1146 1205 contrita.

133 1236 176 1293 sic
205 1236 317 1294 nitrum
345 1250 413 1293 cum
441 1239 507 1292 ruta
536 1229 625 1290 viridi
653 1237 683 1291 et
708 1237 791 1291 aceto
814 1233 928 1293 tritum.
976 1234 1020 1293 sic
1044 1250 1147 1313 sapone

134 1340 201 1382 cum
229 1341 285 1381 uva
313 1340 400 1400 passa
423 1327 453 1381 et
480 1322 612 1399 porcinis
639 1319 789 1400 adipibus,
817 1320 949 1381 admixta
972 1324 1064 1382 etiam
1086 1324 1145 1401 pice

133 1409 259 1490 liquida,
292 1408 430 1469 omnibns
460 1408 514 1469 sub
543 1428 635 1487 aequa
668 1426 809 1470 mensura
840 1413 1018 1488 temperatis
1047 1418 1078 1472 et
1103 1410 1146 1470 ad·

134 1496 236 1557 bibitis
268 1497 400 1558 velocius
435 1516 553 1577 semper
584 1497 648 1558 loca
681 1497 882 1576 periclitantia
915 1517 932 1558 a
964 1498 1146 1560 carbunculis

95 1598 120 1638 1⁶
134 1585 257 1646 liberata
282 1594 359 1647 sunt.

207 1780 220 1828 1
242 1791 317 1843 aqua
331 1777 358 1830 b:
379 1792 482 1844 aquam
496 1777 543 1830 rB
556 1776 613 1831 cer.
686 1774 717 1829 in
735 1792 792 1845 qna
805 1777 864 1843 Bb,
882 1775 913 1829 in
932 1793 1021 1845 quam
1036 1777 1106 1845 Gal„
1120 1775 1146 1829 in

134 1847 194 1915 (om.
214 1849 251 1915 q.)
270 1865 292 1900 r.
362 1845 469 1900 calcem
482 1845 578 1900 vivam
592 1846 782 1917 extinguimus
788 1846 998 1917 (extinguemus
1012 1866 1035 1918 r,
1049 1846 1145 1919 tingui·

133 1934 195 1970 mus
212 1917 326 1986 Gel.)rb
337 1918 409 1973 Get:
428 1916 513 1970 calcis
532 1917 614 1972 vivae
757 1916 949 1988 extinguimus
967 1921 1043 1988 (cum
1060 1922 1145 1974 ulto&

132 1992 174 2044 oet
189 1993 207 2042 9
225 1990 287 2057 titt.)
301 1989 337 2042 B.
386 1988 538 2042 ifeculam
557 1988 663 2042 nitrum
681 1990 711 2043 et
729 2004 864 2059 saponem
878 1991 906 2046 b:
926 1989 1019 2045 seclae
1036 1989 1109 2044 nitro
1121 1990 1145 2043 et

133 2059 247 2185 stilti
259 2060 503 2186 ttttqtirtd
526 2059 1144 2188 ttiditiltttdlidstitit

134 2207 152 2254 4
164 2202 262 2256 mitius
275 2151 391 2258 rprel:
406 2220 455 2257 om.
467 2203 502 2256 B.
559 2219 579 2256 s.
593 2203 614 2256 b.
629 2219 652 2257 c.
667 2175 706 2257 rb
715 2203 786 2258 Get:
801 2174 885 2271 super
898 2175 1107 2274 catapldsmstu
1114 2202 1143 2256 Β.

133 2273 197 2328 loca
224 2273 349 2344 tegenda
376 2273 531 2344 (tangenda
558 2276 617 2343 rb):
646 2276 706 2342 (om.
735 2273 809 2344 loca)
837 2275 1018 2356 contegenda
1047 2275 1104 2331 Get

135 2349 150 2395 5
171 2360 252 2397 scara
270 2364 292 2413 r,
311 2344 354 2398 ira
373 2347 412 2400 B:
433 2344 528 2398 sordes
547 2344 607 2398 eius
627 2344 764 2413 (eiusdem
783 2347 808 2409 b)
826 2345 953 2399 vulneras
972 2347 1058 2401 bGel.
1105 2359 1143 2397 ca·

134 2413 186 2467 dat
203 2416 258 2469 rB.
349 2416 517 2470 inherebant
534 2418 570 2470 rb
584 2416 654 2470 Get:
673 2415 781 2469 -bunt
801 2417 857 2471 Gal.
938 2419 1008 2471 sunt
1025 2418 1084 2472 rB:
1101 2432 1143 2471 oet

135 2485 218 2540 bGel.
304 2492 319 2538 6
339 2490 368 2540 et
387 2487 445 2540 alia
464 2503 536 2555 queo
556 2503 589 2540 ex
607 2486 661 2540 hoc
679 2486 770 2542 veluti
788 2485 884 2542 clavos
902 2488 1018 2558 possint
1034 2486 1144 2543 evellere

137 2557 208 2611 Get:
224 2557 253 2609 ab
263 2555 319 2629 clip
329 2575 383 2629 que
393 2558 715 2627 veluiiclavostclaucos
725 2557 1143 2629 r)possintevelli(—lerer)rb‚

135 2630 165 2680 et
183 2626 242 2680 alia
260 2645 285 2695 q.
302 2645 332 2681 os
352 2629 443 2701 cleulp
463 2629 603 2699 sepeliunt
621 2631 656 2685 B.
790 2632 822 2683 ub
843 2629 914 2685 Get:
935 2631 965 2686 eb
984 2632 1041 2700 rB,
1059 2646 1107 2685 ortt
1124 2629 1142 2683 b.

135 2714 207 2751 urae
226 2715 327 2767 passae
345 2707 393 2756 etc.
412 2702 447 2755 B.
535 2702 599 2754 iet
615 2700 701 2754 tritae
720 2701 756 2756 Β.
828 2700 922 2756 iacere
941 2701 1017 2757 solet
1035 2703 1071 2757 rb
1081 2700 1143 2757 on:

135 2787 185 2825 cot.
205 2771 241 2825 B.
345 2772 414 2825 ficus
433 2772 525 2825 siccae
543 2771 643 2841 (siccas
662 2775 688 2841 r)
707 2778 754 2827 etc.
773 2773 855 2827 rbB:
873 2772 921 2826 fici
940 2772 1011 2828 sicci
1028 2779 1076 2829 etc.
1094 2772 1143 2826 Gel.

135 2846 151 2895 8
171 2842 244 2896 cocti
262 2843 346 2898 rGel.
366 2843 487 2914 (decocti
506 2845 545 2913 bl:
566 2861 616 2898 om.
635 2844 671 2898 B.
744 2844 905 2897 §iterantur
923 2847 953 2899 eb
971 2843 1145 2915 imponuntur

133 2915 182 2969 rB
194 2915 265 2969 Get:
285 2912 347 2968 triti
365 2914 464 2984 ipositi
479 2916 502 2969 b.
576 2914 769 2969 columborum
786 2915 885 2970 edict:
906 2916 1044 2970 ——barum
1062 2915 1116 2971 bB.

135 2991 167 3039 11
182 2985 385 3055 virider(-di
398 2988 465 3055 ret).
522 2993 626 3055 sapone
637 2988 653 3054 (.
666 3029 689 3041 ..
705 2985 806 3054 mixtu)
821 2987 849 3068 bf
870 3002 940 3056 sepo
956 2986 1027 3055 Get,
1046 3002 1079 3041 sa
1098 3002 1143 3067 as.

133 3058 345 3198 tantun
366 3056 850 3210 brainacenses
868 3057 1145 3184 tundat

134 3200 217 3267 (uude
235 3200 362 3254 ulcerum
380 3200 470 3268 Neu),
489 3217 539 3254 om.
560 3201 582 3254 b.
664 3199 857 3268 perichtanbu'a
877 3199 912 3255 B.
999 3217 1017 3254 a
1035 3200 1146 3254 carbun-

134 3268 205 3322 culis
224 3274 259 3326 rb
278 3278 305 3328 et
322 3274 382 3340 (om.
403 3273 430 3340 a)
451 3270 521 3325 Get:
541 3288 591 3326 om.
611 3270 647 3325 B.
744 3275 777 3323 15
796 3269 921 3325 liberata
940 3273 1008 3325 sunt
1021 3272 1071 3326 ΨΒ
1081 3270 1145 3326 Gela

134 3337 258 3395 liberent
277 3345 292 3398 b
312 3344 373 3412 (seq.
393 3344 487 3397 alieno
505 3345 536 3396 io
555 3344 607 3410 bc).
