2392 3924
145 167 212 231 476
424 247 426 251 ¹
550 167 754 221 VINDIOIANI

145 330 228 381 netur
245 325 425 380 membranis.
445 327 482 380 ab
501 343 558 379 una
576 329 658 395 parte
675 324 778 395 planus
798 327 841 379 est
859 324 936 379 latus
956 324 1103 395 contingit,
1122 325 1151 378 ab

146 406 237 460 altera
254 405 410 460 visceribus
430 405 557 474 adherit‚
577 406 697 473 ideoque
716 409 748 459 ut
767 405 828 459 fieri
848 405 933 475 solet,
957 405 1099 474 peculiare
1117 405 1151 458 in-

144 485 338 554 pedimentum
357 485 548 554 currentibus,
569 488 602 540 ut
625 503 689 539 cum
715 487 809 538 tumor
836 484 886 538 ille
914 484 1020 553 aliquis
1047 484 1151 551 inhesit,

145 565 340 619 acervissimos
368 566 479 620 dolores
511 565 600 620 totius
632 565 722 635 partis
755 562 879 633 corporis
914 564 1086 619 sinistriores
1113 581 1151 618 ex·

118 647 242 700 otensus
268 646 482 714 proximietates
506 644 605 714 efficit,
630 662 683 699 neo
706 644 791 699 facile
818 643 1010 698 inbecillitate
1033 643 1149 699 remittit.

144 725 279 792 quoniam
305 726 367 795 ipse
394 726 476 796 fungi
500 727 535 780 de
557 725 683 780 materiae
707 727 737 778 et
762 723 889 778 nervosis
917 724 1078 779 continetur
1099 723 1149 777 vinss

144 804 222 859 culis.
242 806 367 860 traditur
386 824 403 860 a
422 805 631 874 quibusdam
650 803 742 873 spleni
760 803 875 857 renibus
895 803 1037 858 deservire
1057 807 1085 858 et
1098 818 1148 856 esse

144 885 302 954 augelotus,
322 885 424 953 quibus
443 888 539 940 autem
561 887 673 938 mortua
695 901 761 952 pars
786 882 890 952 splenis
914 883 953 938 sit
972 887 1023 939 aut
1041 885 1147 948 exemto,

142 964 234 1019 ridere
252 982 335 1035 posse
352 969 499 1035 negantur.

102 1130 130 1169 10
478 1107 549 1161 XXI.
569 1106 615 1161 De
633 1106 824 1176 precordia.

214 1197 374 1268 Precordia‚
394 1213 464 1265 quas
482 1195 560 1266 greci
577 1195 672 1250 frenas
686 1196 733 1251 vel
752 1195 911 1266 diafragma
929 1198 1043 1264 vocant,
1064 1197 1144 1249 exten·

144 1276 221 1331 ditur
239 1278 386 1331 continens
404 1276 567 1346 pulmonem
586 1279 615 1329 et
633 1275 711 1329 ficati
724 1275 835 1346 pinnas.
855 1275 1006 1331 subiacent
1024 1273 1111 1330 ventri
1122 1274 1144 1326 et
1166 1256 1179 1351 ff

142 1357 254 1426 testine‚
275 1361 304 1411 et
319 1356 469 1426 ,continens
487 1355 580 1410 latera
598 1359 628 1410 et
646 1355 735 1425 spina.
754 1371 828 1410 vena
846 1358 943 1410 autem
957 1371 1054 1410 eorum
1070 1353 1144 1408 habet
1166 1357 1178 1394 Ρ

143 1435 251 1489 crificia
270 1436 338 1504 duo,
358 1454 445 1489 unum
462 1435 591 1504 proximo
609 1437 817 1505 membranum,
841 1436 918 1503 quod
941 1435 1020 1505 greci
1042 1432 1143 1489 cardIon

101 1527 128 1567 15
142 1517 247 1568 vocant
264 1514 418 1568 inclinatur
436 1515 601 1571 inasinistra
623 1519 705 1586 parte
724 1515 842 1586 splenis,
869 1515 959 1570 alium
981 1532 1048 1571 vero
1070 1510 1142 1583 epari·

462 1659 548 1714 XXII.
571 1659 617 1713 De
635 1675 834 1728 ypezocoos.

212 1746 374 1816 Ypezoooos
389 1750 433 1802 est
446 1749 641 1803 membranum
652 1747 731 1803 velut
744 1748 875 1803 velamen
883 1751 988 1803 natura
1001 1742 1141 1810 nervorum,

141 1827 191 1895 qui
210 1830 357 1896 separatur
381 1844 449 1897 epar
467 1831 496 1883 et
518 1827 680 1897 pulmonem
703 1845 720 1882 a
742 1830 841 1882 ventre
859 1828 1012 1883 intestinas
1031 1830 1106 1899 splen
1120 1826 1142 1878 et

141 1909 236 1961 cetera
255 1907 350 1961 omnia
368 1907 537 1962 intrinsecus
557 1908 712 1963 continens.

100 2069 127 2108 20
492 2051 591 2105 XXIII.
610 2050 657 2105 De
676 2054 803 2105 ventre.

212 2130 319 2184 Venter
337 2132 433 2185 autem
451 2130 567 2200 ponitur
585 2130 615 2183 in
633 2130 729 2184 media
746 2129 872 2185 iocinera
891 2131 944 2184 sub
964 2131 1106 2185 stomacho
1122 2128 1144 2180 et

140 2208 353 2264 tintinabulum.
374 2214 417 2264 est
431 2211 626 2265 membranum
634 2227 784 2264 nervosum
795 2214 824 2264 et
837 2228 967 2279 grossum
983 2210 1143 2272 obvolutum,

139 2287 258 2343 interius
278 2306 417 2360 asperum,
436 2289 505 2344 foris
524 2290 625 2360 lenem,
645 2289 783 2343 orificium
800 2290 908 2344 habens
928 2309 1029 2360 unum,
1052 2290 1099 2358 qui
1116 2285 1144 2341 ad

211 2468 359 2536 leontigit
374 2469 432 2523 UG.
517 2474 532 2521 1
552 2466 641 2522 coerit
664 2467 726 2522 UG.
823 2470 856 2520 ut
876 2470 952 2537 (post
970 2467 1043 2538 fieri)
1062 2469 1101 2523 bis
1119 2463 1143 2518 G.

139 2535 206 2589 solit
225 2537 257 2591 P.
356 2538 569 2607 inpttimentum
588 2540 618 2593 P.
727 2541 760 2592 ut
778 2543 797 2590 1'1
816 2537 881 2607 (vel)
901 2538 934 2607 P,
953 2541 987 2593 ut
1006 2556 1070 2593 cum
1092 2535 1144 2593 UG.

138 2609 268 2659 3tumur
286 2610 319 2677 P,
339 2609 424 2664 timor
447 2610 478 2679 U,
496 2614 590 2664 tumor
610 2609 643 2665 G.
730 2608 816 2662 inerit
838 2609 902 2663 UG.
976 2616 994 2662 4
1012 2609 1103 2664 tocius
1120 2607 1144 2660 P.

208 2681 304 2746 partes
328 2680 392 2736 UG.
466 2681 642 2736 sinestrIores
662 2682 695 2736 P.
779 2685 794 2734 ὃ
813 2679 1031 2754 proximietates
1052 2681 1084 2737 G.

137 2746 231 2802 effecit
250 2750 283 2805 P.
392 2752 522 2823 bfungit
538 2753 571 2807 G.
680 2750 799 2806 materie
823 2752 854 2820 U,
874 2750 952 2823 -rie
974 2752 1008 2807 G.
1091 2768 1145 2805 oon·

136 2822 250 2873 tenetur
268 2822 305 2877 P:
325 2823 452 2878 continet
476 2824 539 2879 UG.
596 2830 612 2878 8
631 2823 775 2892 augilotus
790 2822 847 2877 UG
857 2824 901 2891 (se.
922 2823 1080 2891 ἀγελώτους
1093 2819 1145 2891 qui·

136 2891 190 2944 bus
211 2896 333 2963 aut...).
395 2894 535 2963 8splenis
555 2895 590 2949 U:
610 2894 701 2964 plenis
721 2894 754 2962 P,
774 2892 865 2963 spleni
887 2893 921 2948 G.
997 2894 1102 2948 eximta
1119 2891 1144 2945 P.

209 2963 300 3018 sidere
325 2964 389 3020 UG.
482 2970 513 3019 11
534 2965 690 3019 diafracma
709 2965 776 3020 PU.
869 2970 901 3018 12
921 2965 1071 3034 pulmones
1094 2962 1143 3020 UG.

207 3033 289 3103 figati
309 3036 476 3091 subiaceant
496 3037 529 3091 G.
604 3042 637 3089 13
657 3035 764 3090 cestine
789 3035 853 3090 UG.
922 3053 997 3090 vena
1015 3039 1055 3092 stc
1072 3030 1144 3090 PUG

137 3125 222 3188 (ande
240 3127 318 3194 epact
341 3126 421 3181 Vinci.
437 3129 474 3180 12
491 3127 562 3181 mate
576 3128 696 3195 venter).
774 3113 831 3178 hab
851 3124 888 3179 P:
907 3124 1018 3179 habent
1041 3126 1069 3180 U
1071 3125 1115 3178 G.

136 3200 169 3247 14
187 3195 317 3263 proximu
333 3197 365 3250 G.
439 3196 628 3250 mimbranum
649 3199 683 3251 P.
741 3195 820 3269 greci
835 3195 868 3250 G.
926 3201 959 3248 15
980 3192 1142 3250 sinextraR

135 3270 168 3318 16
186 3265 229 3319 De
248 3266 395 3336 ipezocoos
413 3269 445 3322 G.
505 3274 537 3320 11
548 3282 698 3321 nervorum
709 3271 770 3336 (sic)
782 3283 879 3321 omnes.
937 3272 971 3321 18
981 3267 1056 3321 inter
1065 3266 1142 3336 (epar)

133 3337 197 3390 add.
214 3337 273 3392 UG.
348 3337 443 3406 splene
459 3340 522 3394 UG.
597 3344 631 3392 19
651 3356 705 3406 que
724 3338 916 3409 (intrinsecus)
936 3341 980 3394 est
999 3341 1062 3394 add.
1085 3342 1142 3396 Uet

133 3407 192 3472 (abi
210 3408 269 3478 qui)
291 3411 324 3464 G.
399 3416 432 3463 19
452 3413 604 3465 contenens
624 3410 657 3465 P.
749 3418 782 3465 11
802 3411 909 3465 Ventre
931 3413 971 3466 G.
1038 3414 1068 3468 et
1084 3409 1140 3466 inti·

130 3476 270 3532 nabulum
291 3480 323 3534 G.
419 3487 452 3533 11
472 3485 501 3536 et
518 3481 647 3536 volutum
671 3483 734 3538 UG.
826 3489 860 3537 13
881 3485 1026 3539 oreficium
1044 3485 1076 3552 P,
1094 3479 1138 3538 ori·

121 3547 224 3605 ficum·
233 3551 267 3609 G.
344 3552 435 3610 habet
457 3553 534 3613 UG.
596 3553 636 3606 aa
652 3555 690 3609 stc
710 3557 774 3624 (pro
793 3555 830 3608 ab
850 3556 1016 3624 stomacho).
