2392 3924
130 199 173 264 52
440 195 829 251 rnsononrrmscmur

215 417 299 478 XVll.
337 416 382 476 De
406 419 509 476 vitiis
533 414 698 476 omnihus
721 416 878 476 saucium
900 413 956 476 vel
980 416 1064 474 oris.

76 518 121 585 50
218 523 276 584 Per
290 526 375 584 initia
390 542 458 584 cum
472 525 653 583 commoveri
672 521 782 601 aliquid
802 525 834 582 in
852 521 988 584 sanemus
1007 523 1143 601 senseris,

130 612 310 692 generaliter
336 611 473 673 omnibus
502 631 539 672 ex
567 612 739 672 decoctione
767 629 903 672 rosarum
931 613 1080 672 siccarum
1102 609 1145 670 vel

132 702 316 781 dactylorum
339 709 390 762 aut
412 719 568 780 myrarum
591 707 642 761 aut
660 700 749 760 lentis
773 707 824 761 aut
847 699 985 760 cantabri
1003 698 1050 760 vel
1069 706 1144 760 cete·

103 803 232 852 orarum
270 793 463 870 styptioarum
499 790 692 851 mediocriter
729 792 898 868 specierum
933 791 1073 850 convenit
1103 791 1145 850 uti

129 881 230 959 tepido
253 882 487 960 gargarismatio‚
513 886 546 939 ut
569 881 659 939 etiam
681 877 778 938 mellis
803 880 955 957 quippiam
979 877 1143 957 despumati

129 972 384 1030 commisceamus.
417 968 575 1047 aliquando
591 986 662 1028 sane
681 966 876 1047 singularum,
894 966 1054 1046 aliquando
1069 985 1144 1028 com·

130 1061 298 1120 mixtarum.
349 1076 419 1118 nam
446 1065 476 1117 et
498 1057 543 1116 lac
567 1057 688 1116 ovillum
711 1055 757 1116 vel
781 1058 936 1135 caprinum
965 1074 1034 1116 cum
1062 1055 1143 1116 melle

129 1149 265 1227 tepidum
297 1150 385 1208 iuvat.
437 1146 575 1207 similiter
608 1147 697 1206 etiam
729 1144 882 1205 rodomeli.
929 1144 1070 1205 similiter
1100 1144 1144 1204 dia

91 1246 117 1288 10
130 1255 244 1318 moron,
269 1236 348 1316 quod
372 1239 415 1296 sio
439 1236 585 1295 conticere
609 1236 819 1295 consuevimus
842 1241 876 1294 ut
898 1233 935 1294 ad
954 1233 1030 1294 duas
1049 1239 1143 1312 partes

131 1329 196 1386 suci
223 1343 377 1385 mororum
404 1343 495 1384 unam
522 1323 619 1384 mellis
643 1324 869 1383 admisceamus.
916 1324 959 1382 sic
983 1325 1074 1383 etiam
1097 1321 1143 1382 ali-

131 1414 242 1492 quide
267 1432 338 1474 suco
366 1412 435 1472 rubi
458 1420 488 1473 et
514 1413 602 1473 mede
629 1412 721 1472 veluti
749 1412 918 1472 diamoron
946 1411 1142 1472 coniecerunt

131 1502 183 1562 alii
210 1504 300 1562 etiam
328 1502 364 1561 de
393 1501 586 1580 sydoniorum
610 1519 682 1562 suco
706 1501 845 1561 similiter
868 1508 898 1560 et
921 1499 957 1560 de
981 1499 1060 1560 malo
1083 1517 1143 1578 gra·

130 1597 199 1651 nato
228 1591 280 1651 sed
314 1593 449 1670 styptico.
500 1590 550 1650 alii
577 1609 648 1651 vero
677 1590 780 1650 eadem
807 1589 883 1650 mala
911 1597 1089 1668 quassantes
1115 1589 1142 1647 in

89 1692 117 1731 15
131 1697 219 1758 passo
244 1686 388 1740 coxerunt
411 1687 441 1739 ct
463 1681 619 1740 triverunt.
664 1679 738 1739 haec
760 1680 858 1739 omnia
877 1696 967 1756 supra
987 1678 1067 1738 dicta
1089 1694 1143 1737 non

132 1867 264 1993 οιιιίιιὶίιὲ
278 1866 439 1937 dooscoipoo
457 1886 499 1938 pr.
515 1885 544 1937 p.
565 1871 627 1922 357.
744 1885 771 1936 p.
788 1871 830 1934 51,
851 1871 884 1920 15
903 1865 1032 1921 radicem
1050 1865 1143 1922 rdet:

135 1955 217 1994 —ces
268 1941 291 1994 t.

204 2019 216 2064 1
243 2010 372 2064 omnibus
392 2012 407 2065 b
431 2012 566 2078 (omnium
584 2011 622 2078 r):
646 2026 696 2063 om.
716 2009 744 2062 B
756 2009 883 2078 Gettcf.
907 2027 948 2079 pr.
968 2008 1058 2077 XIV,
1076 2008 1144 2075 358).

130 2081 177 2136 vel
195 2084 231 2137 rb
249 2089 275 2137 et
293 2084 353 2151 (cti
370 2081 416 2135 vel
435 2080 491 2135 oris
510 2079 669 2150 periniciel)
688 2081 728 2134 B:
748 2081 777 2133 et
797 2080 855 2136 θεῖ.
938 2085 954 2132 2
974 2080 1009 2147 cf.
1029 2097 1071 2151 pr.
1090 2080 1107 2135 l.
1124 2093 1142 2132 c.

131 2151 205 2223 (κατ’
226 2152 324 2222 ἀρχάς)
343 2160 407 2222 etp.
423 2157 486 2207 435.
565 2157 582 2205 4
602 2150 771 2205 dactilorum
788 2152 870 2206 ron:
889 2150 1079 2220 colatylorum
1092 2150 1145 2220 (sic)

131 2225 191 2280 Gal.
248 2225 298 2278 aut
311 2224 451 2278 misarum
462 2224 534 2279 uei:
551 2225 601 2276 aut
614 2222 744 2276 nixorum
752 2223 797 2290 rt,
812 2221 1002 2291 elixorum(sc.
1013 2222 1100 2291 dact.)
1108 2221 1146 2274 B!

130 2300 148 2347 5
167 2294 211 2348 uti
229 2296 327 2351 odeis
347 2313 397 2351 om.
416 2296 464 2349 rB
546 2292 807 2365 ogargaris(-rio-
821 2293 949 2362 Blmatio
968 2293 1070 2349 silet:
1088 2307 1145 2363 gor·

132 2364 256 2436 garismo
275 2367 299 2420 b.
373 2373 387 2418 7
407 2364 638 2419 commisceamus
656 2365 737 2419 rtB:
757 2363 963 2420 admisceamus
983 2365 1044 2420 Gal.
1100 2360 1145 2417 sli-

130 2435 244 2504 quando
255 2452 323 2490 sane
333 2435 508 2506 singulorum
513 2435 700 2506 (singularum
709 2437 734 2505 r)
744 2434 914 2504 aliquotiens
926 2433 1145 2504 (aliquatenusr)

131 2506 347 2560 commixtorum
369 2509 509 2576 (-tarum
527 2508 553 2576 r)
571 2508 669 2575 roei,
696 2506 792 2575 aliqn‘o
816 2506 1029 2561 commistarum
1056 2505 1145 2574 aliqd‘o

132 2576 308 2648 singularum
327 2580 355 2633 t:
374 2595 424 2632 om.
445 2581 480 2634 Β.
583 2582 598 2630 9
618 2576 705 2631 etiam
726 2579 797 2646 Gal..
816 2578 904 2632 stiam
922 2579 985 2632 etr
1003 2576 1092 2647 (Etid'
1111 2577 1146 2645 t):

132 2665 182 2704 om.
202 2649 237 2703 B.
310 2648 459 2704 rodomelli
476 2651 520 2715 rb,
539 2647 665 2702 rodomel
683 2649 718 2704 B.
806 2654 840 2702 10
860 2649 896 2703 ad
915 2649 1046 2704 duas...
1065 2663 1147 2703 unam

132 2737 168 2774 ιιι.
189 2718 393 2775 admisceamus
415 2721 472 2776 oo.
492 2719 573 2790 (duas
646 2721 676 2774 et
693 2737 780 2774 unam
797 2738 834 2776 ιιι.
859 2718 1094 2774 commisceamus
1111 2719 1146 2788 u:

133 2791 170 2844 ad
190 2792 238 2859 (ad
256 2809 307 2847 om.
326 2795 352 2860 r)
371 2792 442 2845 duas
518 2807 575 2844 una
593 2809 629 2846 m.
650 2791 819 2845 adhibeatur
837 2793 892 2847 rB.
1008 2796 1042 2844 11
1063 2786 1147 2859 aliqui

133 2862 168 2916 de
187 2880 207 2917 s.
229 2863 287 2918 oet.
308 2863 354 2933 (de
373 2879 439 2916 suco
458 2879 508 2916 om.
529 2861 619 2930 aliqui
637 2864 675 2932 ωε
696 2861 804 2931 aliquid
819 2879 854 2916 ex
872 2881 893 2917 s.
908 2860 1018 2931 B(aliq
1038 2878 1105 2916 suco
1117 2862 1146 2929 r).

133 2939 168 2987 14
187 2934 236 2988 sed
254 2936 300 3004 (cf.
321 2934 428 3003 Garpc'l.
448 2950 469 2988 c.
485 2937 529 2996 41,
547 2933 900 3004 Diosc.1,151)stiptico
923 2934 971 2987 rB
982 2934 1056 2990 Get:
1083 2931 1146 3002 stip

131 3004 221 3059 ticum
240 3005 315 3058 enim
329 3007 372 3059 est
387 3006 409 3058 b.
457 3009 490 3056 1s
505 3006 535 3058 et
547 3004 687 3059 trivenmt
702 3005 774 3061 Get:
794 3007 823 3059 et
836 3004 907 3058 trita
921 3003 1115 3059 adhibuerunt
1126 3003 1147 3068 t,

133 3079 162 3131 et
181 3076 310 3131 omnibus
335 3074 456 3145 querelis
479 3074 604 3129 faucium
621 3075 787 3146 profuerunt
805 3079 866 3159 (sic)
884 3076 932 3131 rB
951 3078 1033 3144 (qaae
1051 3083 1091 3132 est
1107 3090 1147 3130 ea·

128 3149 247 3217 plicatio
255 3149 440 3218 sepontium).
503 3147 574 3202 haec
583 3164 607 3202 o.
620 3166 639 3201 s.
651 3147 677 3202 d.
687 3164 745 3200 non
754 3146 841 3200 simili
851 3145 944 3217 specie
954 3162 976 3201 e.
987 3165 1015 3216 p.
1026 3145 1146 3201 virtus-

132 3218 300 3272 beneficium
320 3218 387 3286 aet,
406 3217 433 3272 h.
453 3235 477 3272 o.
498 3234 519 3273 s.
539 3218 565 3274 d.
585 3236 642 3273 non
661 3217 761 3272 similis
781 3234 844 3288 spes
868 3220 917 3286 (sic
933 3219 994 3272 aaa
1012 3221 1109 3288 comp.)
1125 3231 1145 3269 e.

132 3307 159 3358 p.
178 3288 299 3345 virtutis.
338 3291 487 3343 attamen
510 3307 568 3344 una
597 3289 726 3344 omnibus
749 3288 934 3344 beneficiat:
961 3287 1034 3342 haec
1058 3286 1147 3343 omnis

132 3359 163 3412 in
187 3360 273 3414 simili
296 3377 381 3430 supra
406 3360 483 3415 diota
502 3360 594 3430 specie
617 3362 730 3415 tantum
752 3377 813 3414 esse
836 3361 962 3431 possunt.
992 3359 1085 3414 virtus
1109 3359 1146 3413 at

132 3432 229 3484 tamen
246 3449 304 3485 una
323 3431 453 3486 omnibus
472 3431 502 3485 id
522 3434 565 3486 est
582 3431 751 3487 beneficium
764 3431 891 3501 (cunctis.
912 3431 985 3485 Sane
998 3476 1019 3487 ..
1033 3435 1051 3500 .)
1070 3432 1105 3500 B,
1122 3429 1145 3482 h.

133 3517 158 3556 o.
168 3518 234 3626 (im
253 3502 343 3627 sirpilit
358 3503 450 3628 qpecie
468 3504 581 3558 tantum
599 3520 660 3558 esse
678 3505 804 3573 possunt.
823 3502 912 3558 virtus
932 3504 1062 3557 attamen
1080 3520 1105 3556 u.
1123 3516 1145 3554 o.

133 3589 168 3626 ea
189 3588 234 3627 em
252 3589 281 3627 es
314 3589 329 3627 e
383 3593 436 3630 .r.
