2392 3922
520 174 684 228 comcus.
1045 174 1108 240 153

85 336 172 419 piendi
197 340 331 419 copiam
361 339 572 420 praebeamus.
618 338 702 400 cibos
729 347 813 419 aptos
841 340 992 401 stomacho
1015 347 1109 401 matu-

85 430 168 489 riores
189 434 223 488 et
246 426 410 508 largiores
430 430 571 491 convenit
587 429 766 489 ministrare.
803 427 1021 489 declinantibus
1039 447 1109 490 vero

86 514 228 577 doloribus
262 516 420 579 absinthii
452 519 567 597 pontici
598 517 771 578 decoctione
803 517 924 579 iuvandi
951 523 1029 577 sunt.
1080 524 1110 578 et

86 604 155 667 does
175 603 347 685 pulverem
372 607 487 668 ieiunis
505 609 538 667 in
559 605 680 666 modum
698 607 788 666 unius
812 605 955 666 coclearis
973 608 1006 666 in
1027 605 1110 665 meli·

87 702 157 755 trito
189 692 291 775 dabo,
327 694 471 756 similiter
500 696 589 755 etiam
621 701 652 754 et
682 695 795 773 picran.
841 696 867 754 si
894 694 942 754 his
969 693 1109 755 adhibitis
1137 706 1151 748 ⁵

87 800 165 843 emsa
187 784 351 845 minorata
368 802 432 845 non
449 783 549 864 fuerit,
571 781 764 844 flebotomum
782 781 838 844 sub
857 785 975 861 gemina
996 783 1110 843 detrac-

88 874 158 933 tione
189 870 361 933 adhibebo.
411 874 542 932 vomitus
569 873 613 932 eis
642 889 710 932 cum
742 870 892 932 radicibus
924 872 1110 950 frequentius

88 959 251 1039 procurabo
257 1006 269 1041 ,
303 962 399 1021 etiam
426 958 589 1021 elleborum
616 961 695 1020 iuter
726 958 810 1020 cibos
840 959 996 1038 aliquando
1026 958 1110 1020 dabo.
1165 990 1177 1007 ·

88 1048 304 1128 misanthropis
321 1066 395 1110 vero
411 1055 443 1109 et
456 1048 551 1109 adhuc
566 1048 721 1108 hominum
740 1051 911 1109 societatem
930 1047 1111 1126 fugienthus

88 1134 184 1217 longas
207 1137 318 1199 indIco
341 1139 612 1217 peregrinationes,
636 1143 666 1196 et
688 1143 739 1197 aut
761 1138 875 1198 marina
897 1143 949 1197 aut
966 1135 1111 1196 noturaha
1126 1149 1153 1191 ιο

87 1224 199 1287 lavacra
222 1224 374 1287 calidiora
398 1224 545 1286 exhibebo
567 1225 763 1303 frequentius.

389 1417 501 1479 XVIIII.
528 1418 575 1480 Ile
597 1419 821 1499 paralyticis.

170 1524 341 1606 Paralytici
368 1523 472 1585 multis
496 1542 532 1585 ex
562 1527 660 1585 causis
683 1525 766 1586 fiunt.
813 1526 924 1586 etenIm
946 1532 997 1586 aut
1019 1545 1056 1586 ex
1079 1522 1156 1587 sess

88 1614 156 1676 haec
170 1616 282 1695 passio
298 1615 436 1675 nascitur
449 1619 499 1673 aut
516 1613 764 1692 praecedentibus
779 1613 1013 1692 aegritudinibus
1032 1632 1113 1674 com-

90 1712 219 1783 paratur.
270 1720 349 1781 quae
373 1703 491 1781 gravior
513 1708 544 1762 et
566 1701 718 1763 difficilior
741 1703 806 1784 fiet,
833 1721 890 1781 qua
913 1702 949 1763 de
972 1703 1152 1782 praefati-1⁵

91 1794 160 1871 gatis
185 1789 372 1871 corporibus
395 1792 595 1869 consequitur.

175 1880 354 1958 ...itaque
378 1880 406 1939 si
429 1878 567 1939 odoratus
589 1878 739 1958 paralysin
762 1897 868 1959 passus
891 1880 997 1960 fuerit,
1025 1886 1113 1958 caput

92 1971 170 2047 prius
192 1974 243 2029 est
264 1967 496 2048 detondendum,
519 1966 626 2027 dehInc
645 1966 710 2027 oleo
729 1969 861 2047 sicyonio
882 1966 1113 2046 fomentandum‚

91 2055 345 2135 praecedentibus
373 2057 487 2116 interea
514 2055 720 2116 fricationibus
744 2056 902 2117 calentium
926 2055 1111 2115 sabanorum.

93 2146 133 2205 tus
157 2143 341 2206 cucurbitae
360 2151 499 2204 ventosae
523 2150 592 2204 sunt
615 2145 820 2226 imponendae,
843 2152 873 2204 et
896 2143 1111 2223 apossegmatis-
1127 2157 1154 2197 ao

160 2341 177 2387 1
189 2331 390 2402 prebeamnsr
403 2332 511 2400 (potum
525 2331 668 2402 accipicut
677 2333 716 2402 b):
735 2332 869 2386 —bemus
883 2332 919 2387 B.
970 2338 986 2386 3
1000 2331 1038 2384 Et
1051 2331 1113 2385 aloe

92 2423 149 2477 --ς
161 2402 411 2473 b)pulveremrh:
430 2402 468 2456 Et
478 2403 554 2457 cloes
564 2402 648 2457 iubeo
662 2422 688 2473 p.
704 2403 740 2458 B.
800 2402 965 2458 tieiunisr:
981 2420 1067 2457 —nos
1076 2403 1112 2457 B.

91 2474 251 2529 linmodi'i
265 2490 289 2541 r,
304 2472 425 2526 inmod³
444 2475 472 2529 b:
486 2473 601 2527 inmaio
611 2476 670 2543 (sic)
680 2475 789 2543 B(c'tem
799 2474 895 2544 Neci).
951 2474 1114 2530 bdahorb:

39 2590 41 2609 ,
92 2546 224 2616 recipere
239 2544 278 2599 B.
340 2542 475 2624 Similiter
493 2543 580 2598 etism
599 2546 628 2598 et
644 2544 728 2614 pigre
746 2547 775 2610 b,
794 2543 931 2599 Similiter
948 2545 1031 2616 pigre.
1044 2547 1114 2615 Ναί.

90 2622 113 2683 2,
132 2620 202 2686 92):
229 2613 369 2669 Similiter
388 2615 474 2668 etiam
496 2615 584 2669 ieram
602 2632 689 2684 quam
706 2615 818 2686 pigram
835 2618 944 2670 veteres
969 2616 1116 2687 appellent

92 2694 129 2754 ·2‚
143 2690 196 2755 46)
216 2687 256 2741 Β.
313 2693 328 2740 't
348 2684 489 2739 adhibebo
509 2688 538 2741 b:
556 2687 645 2741 -beo
664 2688 720 2741 rB.
774 2686 897 2741 vomitus
909 2688 966 2744 rB=
981 2692 1075 2742 —tum
1091 2689 1114 2742 h.

91 2775 154 2813 cnm
175 2758 238 2813 rB:
259 2772 294 2810 ex
311 2757 336 2811 b.
462 2761 478 2809 9
496 2756 685 2827 Mishntropes
702 2757 739 2826 B,
758 2756 948 2828 Misandropis
967 2761 993 2828 b,
1010 2759 1115 2813 Miran-

91 2829 184 2900 tropis
203 2847 229 2883 r.
293 2827 381 2881 hmnu
400 2828 429 2882 b:
448 2826 573 2881 omnium
588 2827 695 2897 (omniu
708 2829 746 2896 Β,
765 2828 841 2882 omisi
859 2832 885 2899 r)
902 2831 955 2885 rB.
1029 2828 1115 2882 socie-

91 2908 186 2954 tatem
204 2897 266 2969 fug.
286 2899 336 2953 rb:
354 2897 413 2968 fug.
433 2913 488 2953 soc.
507 2899 543 2953 Β.
618 2905 651 2954 10
669 2897 764 2953 indico
782 2900 846 2968 Bo,
865 2899 996 2954 iudicor.
1066 2897 1115 2950 sed

92 2976 120 3024 et
137 2969 273 3023 maxims
292 2970 343 3023 aut
359 2968 503 3023 naturalis
520 2969 636 3023 lavucro
652 2970 774 3024 concedo
792 2969 884 3023 lavari
901 2968 1076 3039 frequentius
1090 2969 1114 3022 h.

94 3047 125 3095 12
145 3041 192 3094 De
212 3037 362 3109 paralisin.
376 3039 424 3094 VI.
438 3057 461 3108 r,
480 3039 522 3094 De
540 3039 706 3110 paraliticis.
725 3039 838 3095 XVIIII.
857 3042 885 3095 B
899 3042 935 3108 (ct
952 3057 972 3095 s.
991 3057 1018 3093 o.
1038 3041 1072 3106 b).

93 3119 126 3167 13
147 3113 187 3178 cf.
210 3111 284 3166 Geel.
304 3112 359 3166 chr.
377 3114 445 3175 2,1.
537 3110 669 3182 expced.
688 3129 711 3166 r.
810 3116 843 3164 15
863 3112 931 3178 quat
950 3125 1022 3177 quae
1040 3107 1114 3163 er.

94 3202 119 3251 q.
150 3183 190 3236 de
218 3180 339 3251 prefatis
363 3183 422 3250 (sic)
446 3197 469 3237 c.
498 3181 678 3249 consequitur
700 3181 742 3248 Β,
770 3199 796 3249 q.
820 3179 971 3251 pictigctis
999 3195 1022 3233 c.
1051 3195 1115 3231 con-

94 3251 566 3392 :uitetuctt‘sttt-
585 3250 1116 3391 {ttettittccintimitatis

95 3400 193 3465 partes
217 3394 248 3448 in
269 3393 406 3465 passione
429 3393 598 3447 constitutas
621 3366 798 3449 cuco'mcttis
820 3392 887 3446 aliis
909 3392 1054 3446 odoratum
1075 3406 1116 3444 re-

97 3472 203 3537 censet).
223 3469 318 3593 aaz?
336 3466 374 3520 ab
392 3465 475 3519 initio
492 3466 538 3519 tic
554 3465 724 3520 Intercidissc
740 3465 824 3532 ploro
841 3463 977 3517 odcoor.
1034 3476 1117 3530 para-

98 3537 166 3592 lisin
182 3539 222 3609 B,
239 3570 271 3580 —
289 3536 338 3591 'is
359 3553 383 3606 r,
403 3551 438 3588 ex
455 3532 573 3605 perclisi
591 3536 615 3592 b.
688 3540 723 3589 20
740 3533 785 3587 his
803 3533 919 3588 ventose
933 3535 994 3605 (om.
1012 3535 1083 3603 cuc.)
1092 3533 1116 3589 b.
