2392 3922
289 155 566 209 ANTIDOTARIUM
584 157 854 212 BRUXELLENSE.
1015 159 1078 224 371

154 319 203 379 Ad
222 319 429 382 lumbricos.
452 321 574 381 herbam
588 324 770 383 centauriam
785 323 933 403 decoques
952 343 988 384 31
1005 344 1080 405 aqua

63 409 97 466 in
121 406 178 468 olla
200 427 276 470 nova
295 418 325 469 et
344 409 428 470 dahis
446 429 500 489 per
522 410 663 471 triduum.
686 410 768 472 bibat
791 419 890 492 cyatos
913 421 1014 474 ternos
1033 413 1080 475 vel

64 499 181 576 quinos.
206 498 243 559 ad
267 501 365 560 omnia
388 501 478 560 etiam
501 501 654 560 interanea
676 500 755 561 iacit.

10 586 53 651 26
154 587 203 646 lu
231 587 383 667 capillos
411 590 447 648 in
474 590 600 668 capite·
620 607 722 650 rasos
750 597 789 650 ut
816 593 930 669 spissi
957 609 1079 652 renas·

64 683 206 757 cantur,
230 678 341 756 quiex
363 677 534 738 infirmitate
563 679 644 754 gravi
667 678 848 741 ceciderunt.
879 687 968 760 caput
990 699 1078 740 nova·
1105 695 1118 735 3

66 763 129 824 cula
167 765 351 826 erodendum
384 773 413 826 31
447 765 612 826 liniendum
644 784 680 826 31
712 766 767 828 hac
803 770 959 850 unctione,
993 772 1077 830 cuius

67 854 241 933 compositio
255 854 323 915 talis
343 862 396 915 est.
415 861 463 914 tus
483 854 626 935 dacicum,
640 854 740 936 galias,
758 856 879 937 inulam,
901 865 1018 918 murtae
1032 861 1078 917 31-

64 959 132 1019 grae
157 945 281 1003 seminis
304 945 409 1004 uncias
432 943 571 1023 singulas.
596 946 694 1004 omnia
713 945 822 1026 11131113,
846 945 990 1006 cribellas.
1010 954 1077 1024 post

62 1030 203 1092 ladanum
225 1033 258 1092 in
285 1035 354 1093 vino
381 1040 481 1095 vetere
508 1033 650 1113 intusum,
676 1032 707 1092 id
731 1040 777 1093 est
798 1032 858 1094 unc
876 1033 915 1114 II,
942 1052 997 1112 per
1023 1036 1076 1094 tri-

63 1119 154 1180 duum
179 1119 309 1200 desuper
330 1124 362 1182 in
385 1123 560 1182 mortarium
577 1123 702 1181 missum
726 1121 819 1182 adicis
843 1128 872 1182 et
895 1122 984 1183 simul
1007 1140 1076 1183 con·
1091 1138 1117 1177 13

61 1211 135 1269 13113
169 1228 265 1289 usque
296 1210 333 1271 ad
370 1210 568 1291 limpidincm,
605 1228 732 1288 cumque
769 1212 898 1290 spissare
936 1214 1077 1293 coeperit,

61 1305 178 1359 tantum
200 1299 287 1359 nardi
308 1299 381 1360 boni
404 1301 540 1380 campani
563 1299 691 1377 desuper
713 1300 808 1359 mittis
836 1306 870 1360 111
897 1302 928 1360 13
956 1299 1076 1360 modum

61 1389 157 1447 ceroti
189 1390 348 1448 strictioris
381 1388 524 1449 deveniat.
557 1387 723 1467 perlectum
752 1387 892 1467 plumbeo
922 1391 1076 1467 reponitur

61 1475 189 1536 vasculo.
217 1479 312 1537 uteris
339 1483 408 1555 post
434 1495 568 1537 rasuram
596 1494 751 1555 quousque
779 1477 878 1556 capilli
905 1477 1075 1538 densentur.

12 1565 49 1630 27
149 1564 199 1624 Ad
223 1565 420 1644 nigrandos
443 1564 604 1644 capillos.
632 1563 723 1642 gallas
747 1565 869 1627 acerbas
891 1585 1015 1627 numero
1039 1567 1074 1647 X,
1088 1581 1114 1620 1⁶

60 1656 175 1732 spicam
198 1653 344 1736 celticam,
365 1673 502 1716 muscum
521 1653 668 1734 gallicum,
688 1662 804 1715 murtae
826 1657 929 1733 nigrae
953 1657 1075 1716 seminis

58 1744 166 1804 uncias
194 1743 338 1825 singrdas,
366 1761 420 1804 ova
448 1745 567 1804 corvina
593 1745 659 1802 tria.
688 1742 791 1823 gallaa,
820 1745 945 1824 spicam,
973 1762 1075 1804 semen

58 1839 177 1892 murtae
200 1832 311 1913 tundis,
334 1831 481 1914 3111131133,
509 1839 539 1892 31
560 1838 664 1910 postea
686 1833 719 1891 in
741 1833 883 1892 mortario
906 1832 1075 1893 medicinali

59 1922 134 1980 teris
157 1938 226 1980 cum
248 1922 309 1981 vini
332 1923 442 1981 veteris
466 1922 616 1998 quartario
640 1938 699 1980 uno
722 1938 777 1998 per
799 1919 939 1980 triduum.
970 1928 1075 1998 quarta

60 2009 108 2069 die
140 2009 271 2088 desuper
303 2009 414 2069 adicies
446 2028 500 2069 ova
532 2016 562 2069 et
593 2011 625 2068 13
655 2011 724 2068 vino
755 2007 969 2068 commiscebis.
1003 2027 1072 2068 con·
1087 2024 1114 2063 33

62 2099 170 2159 1331331
192 2097 314 2178 plumbo
339 2097 478 2158 servabis.
503 2096 619 2177 quando
638 2099 683 2157 uti
706 2114 780 2175 opus
804 2103 858 2176 331,
881 2096 945 2156 3133
970 2096 1072 2158 133113-

63 2188 127 2246 3133
155 2193 185 2246 31
212 2189 280 2246 1133
308 2189 402 2247 veteri
429 2186 559 2247 resoluta
587 2186 747 2246 infectione
770 2187 879 2266 uteris,
906 2187 1002 2245 11331
1026 2204 1073 2246 so-

60 2275 148 2335 lutior
164 2278 203 2335 sit
218 2282 248 2335 31
264 2278 360 2354 possit
375 2275 512 2336 omnibus
527 2274 687 2336 adhaerere
702 2272 824 2352 capillis.
845 2291 915 2333 sane
931 2273 985 2334 sub
999 2274 1073 2335 hora

58 2365 229 2424 iniectionis
244 2363 342 2424 oleum
352 2366 430 2424 intra
444 2383 477 2424 os
491 2363 659 2424 habendum
675 2368 771 2422 estne
785 2361 889 2422 dentes
905 2365 1070 2441 nigrontur.

10 2453 46 2521 28
146 2453 442 2513 Medicamentum
469 2452 742 2531 Philosophiani
770 2451 875 2529 quod
907 2451 1112 2513 dicitnr2⁵

57 2542 341 2622 cysoiarmacum
365 2545 486 2602 unicum
509 2542 622 2602 faciens
646 2541 682 2601 ad
705 2542 859 2619 passiones
882 2540 943 2601 has.
968 2542 1004 2602 ad
1027 2542 1071 2603 ul-

57 2649 126 2691 cera
150 2630 296 2712 chironia,
325 2632 360 2691 ad
388 2631 488 2692 ulcera
515 2631 660 2710 recentia,
688 2629 724 2689 ad
752 2629 867 2710 luxum,
894 2629 931 2689 ad
958 2634 1071 2710 praeci-

56 2737 168 2800 suram,
191 2719 227 2779 ad
251 2718 381 2780 scabiem
403 2722 436 2780 13
458 2721 567 2798 capite,
597 2719 633 2778 ad
660 2718 810 2796 parotidas
834 2736 887 2778 seu
910 2718 1071 2801 glandulas,

56 2808 91 2868 ad
108 2807 209 2868 ulcera
223 2814 355 2889 naturae,
374 2809 410 2869 ad
426 2810 630 2868 contusionem
645 2812 675 2866 31
693 2813 849 2887 tumorem,
871 2806 907 2865 ad
922 2806 1071 2868 deiectum

56 2904 85 2956 ct
110 2898 280 2977 tracturam,
303 2897 339 2957 ad
363 2896 577 2958 carbunculum
601 2903 631 2956 ct
653 2893 852 2974 furunculum,
876 2896 964 2954 etiam
989 2897 1014 2954 si
1037 2898 1069 2955 in
1083 2908 1110 2947 ³0

55 2985 196 3046 mamillis
224 2986 383 3046 mulierum
411 2985 511 3046 ulcera
538 2985 585 3045 vel
612 2984 739 3044 duritiae
766 2988 852 3042 natae
880 2982 1004 3063 fuerint,
1034 2985 1069 3043 ad

129 3178 144 3226 7
164 3173 230 3228 thus
250 3174 393 3229 daciscum
412 3176 474 3243 (313)
494 3173 522 3226 Β
539 3175 619 3238 (corr.
638 3171 700 3236 311).
754 3238 760 3249 .
809 3170 900 3237 myrto
920 3170 973 3235 (cel
990 3171 1069 3236 13113

54 3244 169 3313 1311133)
187 3244 223 3300 Β.
321 3251 354 3299 16
373 3244 487 3299 33131313
506 3241 617 3297 uncias:
637 3255 794 3294 3331333133
812 3240 849 3295 Β.
953 3245 987 3293 13
1005 3240 1068 3309 phi-

53 3315 226 3386 sophianum
242 3316 304 3383 (313)
318 3316 347 3370 Β
361 3313 556 3385 (Phisophiani
574 3314 614 3368 ed.
634 3313 668 3380 cf.
684 3311 846 3379 Philosophi
863 3311 940 3379 aptod
957 3310 1068 3366 Aetium

53 3392 100 3455 16,
115 3393 160 3443 55.
179 3390 226 3443 80.
246 3389 292 3440 88.
312 3390 355 3442 94.
375 3391 419 3454 15,
434 3393 471 3442 24
489 3388 555 3454 etc).
691 3387 725 3434 16
744 3380 936 3449 cysofarmccr'r
957 3385 1018 3450 (313)
1038 3383 1066 3436 Β

53 3456 306 3528 (ινσοφάρμακον).
386 3463 420 3510 17
438 3456 530 3511 1131311.
550 3456 586 3510 Β.
659 3457 692 3506 11
711 3451 822 3533 1311311111
839 3452 874 3506 Β.
948 3459 983 3507 30
1002 3471 1067 3509 oon·

52 3530 217 3585 tunsionem
234 3529 271 3584 B.
344 3526 454 3582 deiecta
474 3529 535 3596 (313)
554 3527 590 3583 Β.
663 3530 695 3579 31
717 3525 838 3578 1111113133
855 3524 892 3583 Β.

854 3613 906 3668 ‘li‘
