2392 3922
128 171 194 237 342
469 171 816 225 resono-nuncnoar

207 367 254 421 111.
279 365 314 419 si
332 363 473 420 mulieri
490 381 595 433 pecus
615 363 651 417 in
668 367 767 419 utero
785 367 959 419 mortuum
977 365 1096 422 fuerit.

198 454 343 509 Dictamni
367 472 465 508 sucum
490 471 554 508 cum
576 452 643 508 vino
663 451 801 526 (bibat),
826 451 851 507 si
872 451 963 508 febrit
986 470 1053 508 cum
1077 471 1147 523 aqua

129 534 236 604 calida,
263 537 292 588 et
314 550 379 588 mox
405 551 470 589 eum
492 533 553 587 sine
577 532 674 587 dolore
697 532 789 588 eiciet.
819 530 909 602 puleii
936 531 1093 588 fasciculos
1111 534 1147 587 III

128 614 233 670 virides
253 617 313 669 tere
333 613 476 669 districtos
495 615 526 668 in
543 612 604 668 vini
622 611 726 668 veteris
746 610 900 680 quartario,
920 614 951 667 et
968 612 1055 682 potui
1074 613 1144 682 dato,

103 694 265 750 scontinuo
284 696 426 750 mortuum
443 711 529 764 pecus
548 693 641 749 eiciet.
669 691 819 762 papaveris
838 691 914 763 nigri
933 709 1028 763 grana
1047 693 1073 748 si
1091 713 1144 749 mu-

127 774 191 830 lieri
210 791 293 844 super
312 775 458 829 cerebrum
475 791 577 844 ponas,
601 789 666 827 mox
685 771 781 841 eiciet,
805 774 836 826 et
858 771 958 826 statim
980 775 1016 828 ut
1040 773 1143 843 exierit,

128 854 221 910 tolles.
249 854 294 908 lac
312 854 439 909 mulieris
458 871 522 906 cum
541 853 603 908 oleo
621 852 704 923 potui
723 852 804 922 dato,
829 868 895 906 mox
918 852 987 907 edet
1005 857 1143 909 mortuum

126 937 253 1004 partum,
280 938 313 989 ut
330 951 382 989 nec
405 950 513 988 moram
530 933 627 988 faeiat.
657 931 795 987 absinthii
813 930 984 988 fasciculum
1007 951 1100 991 sumes
1118 937 1142 988 et

127 1013 223 1068 florem
248 1014 308 1068 eius
335 1031 446 1069 omnem
469 1013 621 1082 distringes
645 1015 674 1066 et
702 1012 733 1065 in
761 1012 820 1067 olla
846 1012 971 1067 heminis
994 1014 1089 1070 tribus
1110 1014 1142 1069 ad

89 1106 114 1144 io
129 1094 230 1148 tertias
250 1095 402 1163 decoquas,
427 1096 456 1148 et
474 1110 538 1146 cum
555 1092 640 1147 melle
658 1093 779 1147 mixtum
797 1094 830 1147 nt
849 1109 935 1161 supra
952 1093 1038 1162 potui
1058 1094 1140 1149 dabis.

129 1174 205 1228 item.
226 1174 340 1229 seminis
358 1173 501 1228 brassicae
568 1174 609 1243 Π,
633 1172 692 1242 apii
711 1172 826 1227 seminis
844 1187 880 1234 -3-
893 1172 920 1242 I,
944 1173 1054 1242 cymini
1074 1174 1141 1241 scrip

129 1254 201 1322 VIII,
222 1254 281 1323 opii
299 1255 337 1308 ad
355 1253 440 1309 fabae
454 1252 688 1324 magnitudinem.
708 1252 802 1307 omnia
816 1252 886 1307 trita
901 1269 966 1306 oum
982 1253 1046 1308 vini
1063 1252 1140 1308 mulsi

128 1333 218 1400 cyatis
237 1334 264 1386 Π
283 1333 379 1387 ieiuna
396 1333 498 1388 mulier
515 1333 605 1389 bibat.
634 1333 718 1388 item
736 1335 769 1387 ut
783 1332 843 1388 sine
863 1332 961 1387 dolore
975 1337 1137 1404 conceptum

128 1411 270 1466 excutiat(
291 1412 425 1466 bacarum
452 1413 538 1481 lauri,
568 1413 712 1483 spondylii
741 1413 868 1483 seminis,
895 1415 1070 1470 ammoniaci
1092 1431 1140 1469 ana

86 1499 112 1538 15
125 1501 161 1548 ÷
174 1490 194 1543 Ι.
224 1489 319 1542 omnia
344 1490 414 1544 trita
437 1508 502 1546 cum
524 1492 585 1546 vini
609 1493 700 1562 cyatis
718 1494 745 1547 H
766 1493 797 1547 in
818 1492 922 1548 balneo
952 1510 1019 1548 cum
1046 1494 1140 1548 mulier

126 1568 272 1622 sudaverit
285 1568 375 1624 bibat.
395 1569 472 1625 item.
484 1571 560 1624 cocci
576 1572 664 1625 cnidii
678 1590 768 1642 grana
777 1572 863 1642 XXV,
876 1589 990 1628 murrae
1000 1574 1076 1643 scrip
1085 1575 1139 1629 1111.

127 1647 258 1702 similiter
280 1648 350 1703 trita
374 1667 438 1703 cum
465 1650 525 1704 vini
550 1650 641 1720 cyatie
656 1652 683 1705 H
700 1656 766 1722 post
787 1651 922 1707 balneum
945 1651 1039 1708 bibat.
1073 1657 1139 1709 arte·

126 1728 226 1783 misiae
247 1747 343 1783 sucum
360 1729 392 1782 in
409 1729 512 1785 balneo
532 1748 596 1784 cum
616 1731 761 1787 sudaverit
779 1731 870 1801 bibat,
896 1733 927 1786 et
944 1731 970 1785 si
989 1751 1049 1788 una
1066 1735 1139 1805 potio

127 1812 246 1879 propter
261 1809 396 1864 duritiam
417 1811 524 1866 ventris
547 1811 590 1864 nil
613 1810 725 1879 fecerit,
750 1810 903 1864 secundam
922 1813 951 1866 et
974 1813 1093 1868 tertiam
1110 1832 1140 1868 ex

88 1899 113 1938 20
127 1891 205 1945 illius
225 1909 291 1945 suco
309 1890 454 1960 potionem
472 1891 562 1946 bibat.
591 1891 668 1946 item.
689 1891 831 1961 sulphuris
850 1890 920 1960 vivi,
942 1891 1140 1949 aristolochiae

197 2050 210 2096 1
231 2043 303 2099 XHL
324 2043 359 2096 de
377 2046 462 2112 partu
481 2042 609 2096 eiciendo
629 2042 689 2096 sine
709 2042 805 2096 dolore
824 2061 848 2113 9.
945 2048 961 2095 2
981 2044 1101 2114 Diptani
1119 2047 1140 2112 b,

126 2113 254 2183 Diptami
273 2132 320 2185 ay.
393 2113 477 2168 bibat
495 2133 524 2186 9:
544 2131 594 2169 om.
616 2116 631 2169 b
651 2114 694 2182 (I).
715 2130 796 2167 sucus
817 2113 842 2166 si
859 2111 991 2168 febrierit
1009 2132 1034 2169 c.
1055 2133 1100 2184 aq.
1119 2133 1139 2170 c.

125 2184 149 2237 si
167 2202 225 2239 non
244 2201 307 2238 cum
325 2185 391 2238 vino
410 2203 475 2239 mox
493 2185 578 2240 eiciet
597 2203 627 2253 a,
653 2185 686 2239 Ι).
706 2203 727 2240 s.
747 2202 770 2239 o.
789 2203 815 2239 v.
836 2183 919 2238 bibat
938 2188 989 2238 aut
1008 2203 1055 2254 aq.
1075 2204 1098 2241 c.
1118 2188 1142 2241 si

124 2255 211 2310 febrit
230 2258 259 2309 et
276 2273 342 2310 mox
361 2255 445 2310 eiciet
464 2256 523 2310 sine
543 2256 640 2310 dolore
658 2259 694 2327 9).
783 2261 799 2308 3
818 2254 889 2309 item
907 2257 971 2310 add.
991 2257 1037 2312 bic
1057 2265 1083 2314 et
1100 2261 1140 2314 io·

123 2328 171 2393 fre
190 2346 241 2397 ap:
260 2343 310 2382 om.
331 2330 354 2381 b.
448 2329 559 2381 Iterat
578 2326 708 2380 districta
727 2329 755 2382 b:
775 2328 888 2381 contere
906 2343 931 2396 9,
952 2326 1096 2398 distringe
1114 2333 1141 2384 et

124 2400 237 2451 contere
256 2415 281 2450 o.
343 2396 373 2449 in
391 2396 457 2450 vino
476 2397 567 2451 veteri
585 2416 610 2468 9.
666 2400 695 2451 et
712 2397 794 2466 potui
814 2398 851 2450 da
868 2414 894 2468 9,
913 2399 942 2450 et
962 2398 1000 2451 da
1017 2400 1102 2467 potui
1115 2419 1140 2456 o.

124 2472 139 2518 5
159 2484 188 2546 c,
201 2485 237 2520 m.
256 2484 283 2534 p.
303 2483 326 2520 e.
347 2469 375 2522 b:
396 2467 494 2521 statim
512 2468 644 2521 abortum
663 2467 747 2523 eiciet
765 2487 791 2536 a,
810 2485 860 2523 om.
879 2486 904 2538 9.
944 2537 950 2548 ο
978 2473 994 2522 6
1013 2486 1101 2540 supra
1116 2491 1141 2543 9.

122 2552 275 2661 loliiiteilb.
322 2539 811 2665 eldeniiinl‘mortiiimlileliimoffioli’
827 2538 985 2665 eflicitfiellal
995 2542 1037 2664 (si
1050 2558 1141 2668 Q

123 2677 218 2730 culum
236 2677 480 2749 nnuma,f.19.
555 2681 693 2736 sumisb:
714 2698 911 2751 sumeo,om.
930 2699 955 2752 9.
1029 2684 1141 2739 eree.

123 2766 147 2802 ο.
159 2749 185 2803 d.
198 2751 227 2803 et
241 2751 269 2803 b:
284 2765 348 2802 cum
361 2748 428 2802 flore
443 2766 495 2804 sua
504 2769 529 2822 9.
574 2757 590 2805 9
605 2753 811 2808 omnem-olla
825 2771 875 2809 om.
891 2772 916 2809 a.
972 2751 1140 2825 distringas:

121 2819 281 2889 distingues
301 2822 324 2875 b.
398 2820 499 2875 eminis
517 2822 609 2877 tribus
630 2827 692 2893 (sio)
714 2827 782 2896 buy.
857 2826 894 2878 ad
911 2822 1012 2878 tertias
1031 2828 1085 2896 by:
1105 2828 1142 2880 ad

123 2891 239 2946 tertiam
257 2907 346 2959 usque
365 2910 390 2946 a.
447 2898 481 2946 10
497 2894 623 2963 decoque
642 2913 689 2967 ap.
763 2897 800 2949 da
818 2914 843 2966 9.
906 2900 938 2948 11
958 2894 1027 2949 item
1045 2913 1097 2952 om.
1116 2916 1141 2969 9.

123 2980 143 3017 s.
164 2962 332 3033 appii÷H
351 2982 377 3019 e.
451 2973 537 3036 919.
607 2971 640 3019 12
655 2966 694 3020 ad
707 2984 759 3037 ay:
778 2983 828 3020 om.
849 2964 877 3032 (f.
897 2965 1142 3038 magnitudines

123 3035 171 3102 (ad
189 3035 304 3088 modum
317 3034 383 3104 fabe
399 3038 435 3105 a).
508 3036 575 3091 vino
590 3036 681 3090 mulso
695 3054 743 3106 oy.
805 3039 839 3087 13
858 3033 1141 3108 ieiuna-(17)oyatis

121 3105 148 3158 II
167 3123 216 3161 om.
236 3125 262 3160 o.
319 3112 353 3159 14
371 3106 457 3160 bacas
475 3124 500 3177 9.
557 3112 591 3161 15
609 3106 676 3162 rino
694 3124 719 3176 9.
791 3103 822 3157 in
840 3104 867 3158 b.
886 3106 969 3173 potui
989 3107 1057 3163 dato
1077 3128 1141 3164 cum

120 3177 268 3231 sudaverit
285 3195 310 3247 9.
389 3183 422 3231 16
440 3177 687 3247 item-(1⁷)bibat
705 3192 756 3230 om,
775 3183 800 3230 et
816 3192 844 3245 9.
935 3179 1098 3247 cocognidii
1117 3183 1140 3237 b.

123 3251 156 3298 17
174 3248 245 3302 tritri
261 3249 284 3301 b.
339 3247 422 3301 bibat
440 3250 469 3302 b:
488 3247 569 3316 potui
589 3247 670 3302 dabie
685 3264 711 3301 a.
760 3245 832 3299 Item
846 3247 898 3299 art.
914 3264 940 3315 9,
959 3248 1005 3302 vel
1024 3252 1099 3306 arth.
1115 3271 1139 3307 a.

123 3320 156 3368 18
175 3318 205 3370 in
223 3317 326 3372 balneo
341 3325 405 3386 post
423 3320 520 3373 sudav.
540 3336 565 3372 a.
633 3321 662 3373 et
680 3317 704 3371 si
723 3323 786 3372 ete:
804 3317 870 3371 boec
888 3318 1026 3390 mendoso
1045 3325 1076 3375 et
1095 3324 1140 3377 bis

121 3390 150 3438 et
168 3390 212 3441 ter
230 3388 254 3440 si
268 3387 299 3440 in
312 3387 403 3456 primo
422 3406 479 3442 non
495 3388 654 3457 profecerit.
746 3392 779 3440 19
797 3387 905 3440 ventris
921 3390 951 3443 b:
971 3392 1097 3458 corporis
1113 3414 1138 3449 a.

191 3456 280 3511 nichil
298 3459 436 3526 profuerit
449 3477 475 3514 a.
536 3460 658 3514 secundo
676 3457 723 3513 vel
740 3456 825 3511 tertio
845 3457 928 3511 bibat
946 3477 971 3513 a.
1027 3466 1062 3514 20
1082 3466 1141 3518 sul-

118 3523 188 3578 furis
208 3530 231 3595 b,
252 3527 394 3595 sulphuris
413 3547 459 3599 ay.
535 3547 574 3582 ar.
594 3547 615 3584 s.
635 3533 686 3586 ba:
705 3527 853 3582 bituminis
873 3527 978 3583 aristol'
998 3547 1023 3600 9.
