<?xml version="1.0" encoding="UTF-8"?>
<!DOCTYPE html PUBLIC "-//W3C//DTD XHTML 1.0 Transitional//EN"
    "http://www.w3.org/TR/xhtml1/DTD/xhtml1-transitional.dtd">
<html xmlns="http://www.w3.org/1999/xhtml" xml:lang="en" lang="en">
 <head>
  <title>
</title>
<meta http-equiv="Content-Type" content="text/html;charset=utf-8" />
  <meta name='ocr-system' content='tesseract 3.04.00' />
  <meta name='ocr-capabilities' content='ocr_page ocr_carea ocr_par ocr_line ocrx_word'/>
</head>
<body>
  <div class='ocr_page' id='page_1' title='image "./euporistonlibri00rosegoog_0017.png"; bbox 0 0 2392 3922; ppageno 0'>
   <div class='ocr_carea' id='block_1_1' title="bbox 88 179 140 232">
    <p class='ocr_par' dir='ltr' id='par_1_1' title="bbox 88 179 140 232">
     <span class='ocr_line' id='line_1_1' title="bbox 88 179 140 232; baseline 0 0"><span class='ocrx_word' id='word_1_1' title='bbox 88 179 140 232; x_wconf 85' lang='lat' dir='ltr'>XII</span> 
     </span>
    </p>
   </div>
   <div class='ocr_carea' id='block_1_2' title="bbox 36 342 1129 2824">
    <p class='ocr_par' dir='ltr' id='par_1_2' title="bbox 84 342 1107 1847">
     <span class='ocr_line' id='line_1_2' title="bbox 90 342 1105 425; baseline -0.001 -18"><span class='ocrx_word' id='word_1_2' title='bbox 90 365 147 407; x_wconf 90' lang='lat' dir='ltr'>nec</span> <span class='ocrx_word' id='word_1_3' title='bbox 169 342 229 407; x_wconf 93' lang='lat' dir='ltr'>nisi</span> <span class='ocrx_word' id='word_1_4' title='bbox 257 365 328 406; x_wconf 91' lang='lat' dir='ltr'>casu</span> <span class='ocrx_word' id='word_1_5' title='bbox 351 345 478 425; x_wconf 91' lang='lat' dir='ltr'>quodam</span> <span class='ocrx_word' id='word_1_6' title='bbox 502 345 645 424; x_wconf 82' lang='lat' dir='ltr'>singulari</span> <span class='ocrx_word' id='word_1_7' title='bbox 672 347 780 406; x_wconf 87' lang='lat' dir='ltr'>factum</span> <span class='ocrx_word' id='word_1_8' title='bbox 810 363 875 405; x_wconf 90' lang='lat' dir='ltr'>esse</span> <span class='ocrx_word' id='word_1_9' title='bbox 903 353 1001 424; x_wconf 90' lang='lat' dir='ltr'>potest</span> <span class='ocrx_word' id='word_1_10' title='bbox 1024 347 1105 424; x_wconf 90' lang='lat' dir='ltr'>qnod</span> 
     </span>
     <span class='ocr_line' id='line_1_3' title="bbox 91 433 1104 514; baseline -0.001 -18"><span class='ocrx_word' id='word_1_11' title='bbox 91 436 215 496; x_wconf 89' lang='lat' dir='ltr'>eandem</span> <span class='ocrx_word' id='word_1_12' title='bbox 239 435 301 495; x_wconf 89' lang='lat' dir='ltr'>lere</span> <span class='ocrx_word' id='word_1_13' title='bbox 325 437 403 494; x_wconf 91' lang='lat' dir='ltr'>circa</span> <span class='ocrx_word' id='word_1_14' title='bbox 426 436 545 494; x_wconf 91' lang='lat' dir='ltr'>initium</span> <span class='ocrx_word' id='word_1_15' title='bbox 568 434 690 495; x_wconf 87' lang='lat' dir='ltr'>alterius</span> <span class='ocrx_word' id='word_1_16' title='bbox 712 436 806 514; x_wconf 90' lang='lat' dir='ltr'>partis</span> <span class='ocrx_word' id='word_1_17' title='bbox 829 433 899 493; x_wconf 87' lang='lat' dir='ltr'><strong>libri</strong></span> <span class='ocrx_word' id='word_1_18' title='bbox 919 435 1042 494; x_wconf 89' lang='lat' dir='ltr'>secundi</span> <span class='ocrx_word' id='word_1_19' title='bbox 1063 435 1104 495; x_wconf 92' lang='lat' dir='ltr'>la-</span> 
     </span>
     <span class='ocr_line' id='line_1_4' title="bbox 91 521 1104 602; baseline 0 -19"><span class='ocrx_word' id='word_1_20' title='bbox 91 543 197 585; x_wconf 91' lang='lat' dir='ltr'>cunam</span> <span class='ocrx_word' id='word_1_21' title='bbox 225 523 306 584; x_wconf 90' lang='lat' dir='ltr'>illam</span> <span class='ocrx_word' id='word_1_22' title='bbox 335 541 471 602; x_wconf 90' lang='lat' dir='ltr'>magnam</span> <span class='ocrx_word' id='word_1_23' title='bbox 501 522 625 584; x_wconf 90' lang='lat' dir='ltr'>haberet</span> <span class='ocrx_word' id='word_1_24' title='bbox 657 522 749 584; x_wconf 84' lang='lat' dir='ltr'>codex</span> <span class='ocrx_word' id='word_1_25' title='bbox 781 521 960 583; x_wconf 90' lang='lat' dir='ltr'>Gelenianus</span> <span class='ocrx_word' id='word_1_26' title='bbox 987 522 1104 583; x_wconf 88' lang='lat' dir='ltr'>Gelenii</span> 
     </span>
     <span class='ocr_line' id='line_1_5' title="bbox 90 611 1104 716; baseline 0 -44"><span class='ocrx_word' id='word_1_27' title='bbox 90 620 224 692; x_wconf 90' lang='lat' dir='ltr'>tempore</span> <span class='ocrx_word' id='word_1_28' title='bbox 248 632 336 716; x_wconf 88' lang='lat' dir='ltr'>quam</span> <span class='ocrx_word' id='word_1_29' title='bbox 359 619 492 691; x_wconf 89' lang='lat' dir='ltr'>tempore</span> <span class='ocrx_word' id='word_1_30' title='bbox 510 611 608 673; x_wconf 88' lang='lat' dir='ltr'>Vossii</span> <span class='ocrx_word' id='word_1_31' title='bbox 630 611 683 672; x_wconf 90' lang='lat' dir='ltr'>Vat</span> <span class='ocrx_word' id='word_1_32' title='bbox 684 615 852 672; x_wconf 90' lang='lat' dir='ltr'>icanus.t</span> <span class='ocrx_word' id='word_1_33' title='bbox 818 619 852 672; x_wconf 88' lang='lat' dir='ltr'>ut</span> <span class='ocrx_word' id='word_1_34' title='bbox 854 631 945 690; x_wconf 89' lang='lat' dir='ltr'>erque</span> <span class='ocrx_word' id='word_1_35' title='bbox 969 614 1049 672; x_wconf 89' lang='lat' dir='ltr'>enim</span> <span class='ocrx_word' id='word_1_36' title='bbox 1072 615 1104 672; x_wconf 93' lang='lat' dir='ltr'>in</span> 
     </span>
     <span class='ocr_line' id='line_1_6' title="bbox 91 694 1105 784; baseline -0.001 -22"><span class='ocrx_word' id='word_1_37' title='bbox 91 709 223 762; x_wconf 88' lang='lat' dir='ltr'>extremo</span> <span class='ocrx_word' id='word_1_38' title='bbox 254 709 333 781; x_wconf 84' lang='lat' dir='ltr'>caprt</span> <span class='ocrx_word' id='word_1_39' title='bbox 311 700 382 761; x_wconf 90' lang='lat' dir='ltr'>&#39;tulo</span> <span class='ocrx_word' id='word_1_40' title='bbox 411 703 525 780; x_wconf 81' lang='lat' dir='ltr'>primae</span> <span class='ocrx_word' id='word_1_41' title='bbox 554 721 608 781; x_wconf 90' lang='lat' dir='ltr'>par</span> <span class='ocrx_word' id='word_1_42' title='bbox 608 703 647 761; x_wconf 91' lang='lat' dir='ltr'>tis</span> <span class='ocrx_word' id='word_1_43' title='bbox 608 701 712 761; x_wconf 91' lang='lat' dir='ltr'>tde</span> <span class='ocrx_word' id='word_1_44' title='bbox 740 700 858 762; x_wconf 91' lang='lat' dir='ltr'>cholera</span> <span class='ocrx_word' id='word_1_45' title='bbox 882 694 1105 784; x_wconf 86' lang='lat' dir='ltr'>(Xlll)s1nitur</span> 
     </span>
     <span class='ocr_line' id='line_1_7' title="bbox 89 788 1104 872; baseline 0 -22"><span class='ocrx_word' id='word_1_46' title='bbox 89 791 137 850; x_wconf 93' lang='lat' dir='ltr'>his</span> <span class='ocrx_word' id='word_1_47' title='bbox 160 790 259 850; x_wconf 83' lang='lat' dir='ltr'>verbis</span> <span class='ocrx_word' id='word_1_48' title='bbox 281 789 353 872; x_wconf 83' lang='lat' dir='ltr'>„Cat</span> <span class='ocrx_word' id='word_1_49' title='bbox 341 788 513 869; x_wconf 90' lang='lat' dir='ltr'>ttaplasmaa</span> <span class='ocrx_word' id='word_1_50' title='bbox 532 809 602 851; x_wconf 85' lang='lat' dir='ltr'>vero</span> <span class='ocrx_word' id='word_1_51' title='bbox 625 789 724 850; x_wconf 92' lang='lat' dir='ltr'>omnia</span> <span class='ocrx_word' id='word_1_52' title='bbox 747 789 912 850; x_wconf 89' lang='lat' dir='ltr'>adhibenda</span> <span class='ocrx_word' id='word_1_53' title='bbox 936 798 1005 851; x_wconf 91' lang='lat' dir='ltr'>sunt</span> <span class='ocrx_word' id='word_1_54' title='bbox 1028 809 1104 869; x_wconf 91' lang='lat' dir='ltr'>quae</span> 
     </span>
     <span class='ocr_line' id='line_1_8' title="bbox 91 837 1104 963; baseline 0 -24"><span class='ocrx_word' id='word_1_55' title='bbox 91 879 168 939; x_wconf 89' lang='lat' dir='ltr'>dialo</span> <span class='ocrx_word' id='word_1_56' title='bbox 140 874 187 939; x_wconf 88' lang='lat' dir='ltr'>l“</span> <span class='ocrx_word' id='word_1_57' title='bbox 204 875 214 957; x_wconf 97' lang='grc' dir='ltr'>ΙΙ</span> <span class='ocrx_word' id='word_1_58' title='bbox 233 837 359 962; x_wconf 89' lang='lat' dir='ltr'>(sict</span> <span class='ocrx_word' id='word_1_59' title='bbox 305 878 366 939; x_wconf 90' lang='lat' dir='ltr'>Vat.</span> <span class='ocrx_word' id='word_1_60' title='bbox 395 879 549 940; x_wconf 88' lang='lat' dir='ltr'>desinente</span> <span class='ocrx_word' id='word_1_61' title='bbox 572 872 672 963; x_wconf 80' lang='lat' dir='ltr'>solio),</span> <span class='ocrx_word' id='word_1_62' title='bbox 699 870 752 939; x_wconf 89' lang='lat' dir='ltr'>ubi</span> <span class='ocrx_word' id='word_1_63' title='bbox 775 878 939 958; x_wconf 91' lang='lat' dir='ltr'>supplendo</span> <span class='ocrx_word' id='word_1_64' title='bbox 963 877 1104 939; x_wconf 81' lang='lat' dir='ltr'>Gelenius</span> 
     </span>
     <span class='ocr_line' id='line_1_9' title="bbox 91 961 1105 1050; baseline -0.002 -22"><span class='ocrx_word' id='word_1_65' title='bbox 91 962 260 1050; x_wconf 82' lang='lat' dir='ltr'>(desinente</span> <span class='ocrx_word' id='word_1_66' title='bbox 292 987 356 1047; x_wconf 90' lang='lat' dir='ltr'>pag.</span> <span class='ocrx_word' id='word_1_67' title='bbox 378 961 434 1050; x_wconf 83' lang='lat'>88)</span> <span class='ocrx_word' id='word_1_68' title='bbox 462 988 555 1050; x_wconf 91' lang='lat' dir='ltr'>„quae</span> <span class='ocrx_word' id='word_1_69' title='bbox 580 963 844 1048; x_wconf 69' lang='grc' dir='ltr'><strong>(1111111111θι11111ΙΙ</strong></span> <span class='ocrx_word' id='word_1_70' title='bbox 863 975 961 1045; x_wconf 85' lang='lat' dir='ltr'>sequi</span> <span class='ocrx_word' id='word_1_71' title='bbox 961 987 998 1027; x_wconf 91' lang='lat' dir='ltr'>ur</span> <span class='ocrx_word' id='word_1_72' title='bbox 1026 968 1105 1047; x_wconf 92' lang='lat' dir='ltr'>apud</span> 
     </span>
     <span class='ocr_line' id='line_1_10' title="bbox 91 1049 1105 1141; baseline 0 -25"><span class='ocrx_word' id='word_1_73' title='bbox 91 1056 245 1127; x_wconf 83' lang='lat' dir='ltr'>Gelonium</span> <span class='ocrx_word' id='word_1_74' title='bbox 274 1049 320 1140; x_wconf 84' lang='lat' dir='ltr'>(p.</span> <span class='ocrx_word' id='word_1_75' title='bbox 341 1050 402 1141; x_wconf 82' lang='lat'>89)</span> <span class='ocrx_word' id='word_1_76' title='bbox 439 1057 504 1138; x_wconf 81' lang='lat' dir='ltr'>„lle</span> <span class='ocrx_word' id='word_1_77' title='bbox 540 1057 710 1137; x_wconf 82' lang='lat' dir='ltr'>paralyticis</span> <span class='ocrx_word' id='word_1_78' title='bbox 742 1052 832 1116; x_wconf 88' lang='grc' dir='ltr'><strong>ΧΙΧ11</strong></span> <span class='ocrx_word' id='word_1_79' title='bbox 867 1059 952 1116; x_wconf 83' lang='lat' dir='ltr'>initio</span> <span class='ocrx_word' id='word_1_80' title='bbox 990 1075 1105 1116; x_wconf 91' lang='lat' dir='ltr'>carens.</span> 
     </span>
     <span class='ocr_line' id='line_1_11' title="bbox 84 1145 1106 1226; baseline -0.002 -20"><span class='ocrx_word' id='word_1_81' title='bbox 84 1148 156 1216; x_wconf 67' lang='lat' dir='ltr'>⁵eius</span> <span class='ocrx_word' id='word_1_82' title='bbox 180 1147 259 1205; x_wconf 91' lang='lat' dir='ltr'>enim</span> <span class='ocrx_word' id='word_1_83' title='bbox 283 1145 434 1223; x_wconf 90' lang='lat' dir='ltr'>aliquanto</span> <span class='ocrx_word' id='word_1_84' title='bbox 456 1149 632 1226; x_wconf 91' lang='lat' dir='ltr'>priuspost</span> <span class='ocrx_word' id='word_1_85' title='bbox 654 1145 790 1207; x_wconf 79' lang='lat' dir='ltr'>lacunam</span> <span class='ocrx_word' id='word_1_86' title='bbox 817 1146 915 1206; x_wconf 90' lang='lat' dir='ltr'>denuo</span> <span class='ocrx_word' id='word_1_87' title='bbox 937 1153 1036 1205; x_wconf 83' lang='lat' dir='ltr'>textus</span> <span class='ocrx_word' id='word_1_88' title='bbox 1061 1149 1106 1205; x_wconf 93' lang='lat' dir='ltr'>in-</span> 
     </span>
     <span class='ocr_line' id='line_1_12' title="bbox 91 1234 1107 1316; baseline -0.002 -21"><span class='ocrx_word' id='word_1_89' title='bbox 91 1236 164 1314; x_wconf 89' lang='lat' dir='ltr'>cipit</span> <span class='ocrx_word' id='word_1_90' title='bbox 187 1252 275 1314; x_wconf 91' lang='lat' dir='ltr'>quam</span> <span class='ocrx_word' id='word_1_91' title='bbox 298 1234 430 1294; x_wconf 91' lang='lat' dir='ltr'>Vaticani</span> <span class='ocrx_word' id='word_1_92' title='bbox 452 1235 557 1316; x_wconf 91' lang='lat' dir='ltr'>Vossii,</span> <span class='ocrx_word' id='word_1_93' title='bbox 580 1242 683 1314; x_wconf 84' lang='lat' dir='ltr'>utpote</span> <span class='ocrx_word' id='word_1_94' title='bbox 708 1238 760 1313; x_wconf 88' lang='lat' dir='ltr'>qui</span> <span class='ocrx_word' id='word_1_95' title='bbox 783 1253 816 1295; x_wconf 89' lang='lat' dir='ltr'>ea</span> <span class='ocrx_word' id='word_1_96' title='bbox 837 1237 925 1294; x_wconf 92' lang='lat' dir='ltr'>etiam</span> <span class='ocrx_word' id='word_1_97' title='bbox 945 1237 1107 1294; x_wconf 84' lang='lat' dir='ltr'>servaverit</span> 
     </span>
     <span class='ocr_line' id='line_1_13' title="bbox 92 1322 1106 1403; baseline -0.002 -19"><span class='ocrx_word' id='word_1_98' title='bbox 92 1343 166 1403; x_wconf 91' lang='lat' dir='ltr'>quae</span> <span class='ocrx_word' id='word_1_99' title='bbox 198 1323 302 1384; x_wconf 92' lang='lat' dir='ltr'>ultima</span> <span class='ocrx_word' id='word_1_100' title='bbox 334 1325 392 1383; x_wconf 89' lang='lat' dir='ltr'>tria</span> <span class='ocrx_word' id='word_1_101' title='bbox 425 1326 502 1383; x_wconf 83' lang='lat' dir='ltr'>sexti</span> <span class='ocrx_word' id='word_1_102' title='bbox 534 1326 738 1402; x_wconf 86' lang='lat' dir='ltr'>quaternionis</span> <span class='ocrx_word' id='word_1_103' title='bbox 770 1324 904 1383; x_wconf 89' lang='lat' dir='ltr'>Vaticani</span> <span class='ocrx_word' id='word_1_104' title='bbox 936 1323 1005 1383; x_wconf 88' lang='lat' dir='ltr'>solia</span> <span class='ocrx_word' id='word_1_105' title='bbox 1036 1322 1106 1382; x_wconf 90' lang='lat' dir='ltr'>olim</span> 
     </span>
     <span class='ocr_line' id='line_1_14' title="bbox 91 1411 1106 1491; baseline -0.001 -19"><span class='ocrx_word' id='word_1_106' title='bbox 91 1430 252 1491; x_wconf 80' lang='lat' dir='ltr'>occupasse</span> <span class='ocrx_word' id='word_1_107' title='bbox 276 1430 405 1472; x_wconf 84' lang='lat' dir='ltr'>censeas</span> <span class='ocrx_word' id='word_1_108' title='bbox 428 1411 501 1471; x_wconf 92' lang='lat' dir='ltr'>haec</span> <span class='ocrx_word' id='word_1_109' title='bbox 524 1414 621 1490; x_wconf 91' lang='lat' dir='ltr'>primo</span> <span class='ocrx_word' id='word_1_110' title='bbox 641 1411 746 1472; x_wconf 92' lang='lat' dir='ltr'>obtutu</span> <span class='ocrx_word' id='word_1_111' title='bbox 766 1412 881 1471; x_wconf 89' lang='lat' dir='ltr'>diceres</span> <span class='ocrx_word' id='word_1_112' title='bbox 895 1411 1033 1472; x_wconf 92' lang='lat' dir='ltr'>Vaticano</span> <span class='ocrx_word' id='word_1_113' title='bbox 1054 1414 1106 1489; x_wconf 92' lang='lat' dir='ltr'>qui</span> 
     </span>
     <span class='ocr_line' id='line_1_15' title="bbox 90 1498 1106 1581; baseline -0.002 -21"><span class='ocrx_word' id='word_1_114' title='bbox 90 1501 170 1570; x_wconf 86' lang='lat' dir='ltr'>idem</span> <span class='ocrx_word' id='word_1_115' title='bbox 198 1501 305 1560; x_wconf 88' lang='lat' dir='ltr'>suisset</span> <span class='ocrx_word' id='word_1_116' title='bbox 332 1519 400 1561; x_wconf 87' lang='lat' dir='ltr'>cunr</span> <span class='ocrx_word' id='word_1_117' title='bbox 427 1498 587 1559; x_wconf 89' lang='lat' dir='ltr'>Geleniano</span> <span class='ocrx_word' id='word_1_118' title='bbox 617 1500 712 1559; x_wconf 88' lang='lat' dir='ltr'>adhuc</span> <span class='ocrx_word' id='word_1_119' title='bbox 741 1499 923 1581; x_wconf 83' lang='lat' dir='ltr'>adhaesisse,</span> <span class='ocrx_word' id='word_1_120' title='bbox 954 1519 1022 1560; x_wconf 87' lang='lat' dir='ltr'>cunr</span> <span class='ocrx_word' id='word_1_121' title='bbox 1050 1500 1106 1558; x_wconf 88' lang='lat' dir='ltr'>Ge-</span> 
     </span>
     <span class='ocr_line' id='line_1_16' title="bbox 90 1588 1107 1668; baseline 0 -20"><span class='ocrx_word' id='word_1_122' title='bbox 90 1589 187 1650; x_wconf 90' lang='lat' dir='ltr'>lenius</span> <span class='ocrx_word' id='word_1_123' title='bbox 207 1608 241 1649; x_wconf 90' lang='lat' dir='ltr'>eo</span> <span class='ocrx_word' id='word_1_124' title='bbox 265 1596 408 1650; x_wconf 91' lang='lat' dir='ltr'>uteretur.</span> <span class='ocrx_word' id='word_1_125' title='bbox 434 1589 485 1648; x_wconf 93' lang='lat' dir='ltr'>sed</span> <span class='ocrx_word' id='word_1_126' title='bbox 510 1607 577 1649; x_wconf 91' lang='lat' dir='ltr'>cum</span> <span class='ocrx_word' id='word_1_127' title='bbox 600 1588 656 1648; x_wconf 92' lang='lat' dir='ltr'>hoc</span> <span class='ocrx_word' id='word_1_128' title='bbox 680 1591 769 1648; x_wconf 90' lang='lat' dir='ltr'>statui</span> <span class='ocrx_word' id='word_1_129' title='bbox 792 1595 936 1668; x_wconf 82' lang='lat' dir='ltr'>nequeat,</span> <span class='ocrx_word' id='word_1_130' title='bbox 959 1595 992 1647; x_wconf 93' lang='grc' dir='ltr'>11ι</span> <span class='ocrx_word' id='word_1_131' title='bbox 1016 1607 1107 1666; x_wconf 91' lang='lat' dir='ltr'>supra</span> 
     </span>
     <span class='ocr_line' id='line_1_17' title="bbox 91 1677 1106 1759; baseline -0.002 -21"><span class='ocrx_word' id='word_1_132' title='bbox 91 1679 193 1759; x_wconf 92' lang='lat' dir='ltr'>docui,</span> <span class='ocrx_word' id='word_1_133' title='bbox 216 1697 280 1738; x_wconf 87' lang='lat' dir='ltr'>rem</span> <span class='ocrx_word' id='word_1_134' title='bbox 303 1681 362 1738; x_wconf 90' lang='lat' dir='ltr'>nisi</span> <span class='ocrx_word' id='word_1_135' title='bbox 386 1696 472 1738; x_wconf 92' lang='lat' dir='ltr'>casus</span> <span class='ocrx_word' id='word_1_136' title='bbox 499 1677 629 1737; x_wconf 91' lang='lat' dir='ltr'>ludibrio</span> <span class='ocrx_word' id='word_1_137' title='bbox 657 1678 786 1737; x_wconf 92' lang='lat' dir='ltr'>admisso</span> <span class='ocrx_word' id='word_1_138' title='bbox 811 1677 949 1755; x_wconf 87' lang='lat' dir='ltr'>equidem</span> <span class='ocrx_word' id='word_1_139' title='bbox 971 1695 1032 1736; x_wconf 91' lang='lat' dir='ltr'>non</span> <span class='ocrx_word' id='word_1_140' title='bbox 1056 1696 1106 1736; x_wconf 83' lang='lat' dir='ltr'>ex-</span> 
     </span>
     <span class='ocr_line' id='line_1_18' title="bbox 90 1768 187 1847; baseline 0 -20"><span class='ocrx_word' id='word_1_141' title='bbox 90 1768 187 1847; x_wconf 92' lang='lat' dir='ltr'>pedio.</span> 
     </span>
    </p>

    <p class='ocr_par' dir='ltr' id='par_1_3' title="bbox 36 1853 1129 2824">
     <span class='ocr_line' id='line_1_19' title="bbox 181 1853 1129 1934; baseline -0.002 -19"><span class='ocrx_word' id='word_1_142' title='bbox 181 1854 284 1915; x_wconf 89' lang='lat' dir='ltr'>Galeni</span> <span class='ocrx_word' id='word_1_143' title='bbox 300 1855 573 1934; x_wconf 84' lang='lat' dir='ltr'>therapeuticorum</span> <span class='ocrx_word' id='word_1_144' title='bbox 594 1854 629 1914; x_wconf 91' lang='lat' dir='ltr'>ad</span> <span class='ocrx_word' id='word_1_145' title='bbox 649 1853 829 1914; x_wconf 87' lang='lat' dir='ltr'>Glauconem</span> <span class='ocrx_word' id='word_1_146' title='bbox 847 1853 917 1913; x_wconf 91' lang='lat' dir='ltr'>libri</span> <span class='ocrx_word' id='word_1_147' title='bbox 931 1853 989 1913; x_wconf 91' lang='lat' dir='ltr'>duo</span> <span class='ocrx_word' id='word_1_148' title='bbox 1008 1853 1107 1914; x_wconf 90' lang='lat' dir='ltr'>tribus</span> <span class='ocrx_word' id='word_1_149' title='bbox 1127 1895 1129 1899; x_wconf 90' lang='lat'>-</span> 
     </span>
     <span class='ocr_line' id='line_1_20' title="bbox 91 1937 1106 2024; baseline -0.002 -20"><span class='ocrx_word' id='word_1_150' title='bbox 91 1944 176 2004; x_wconf 91' lang='lat' dir='ltr'>libris</span> <span class='ocrx_word' id='word_1_151' title='bbox 200 1951 236 2004; x_wconf 84' lang='lat' dir='ltr'>et</span> <span class='ocrx_word' id='word_1_152' title='bbox 252 1943 346 2004; x_wconf 87' lang='lat' dir='ltr'>libere</span> <span class='ocrx_word' id='word_1_153' title='bbox 369 1937 459 2003; x_wconf 80' lang='lat' dir='ltr'>latine</span> <span class='ocrx_word' id='word_1_154' title='bbox 483 1946 571 2024; x_wconf 85' lang='lat' dir='ltr'>versi,</span> <span class='ocrx_word' id='word_1_155' title='bbox 594 1950 681 2021; x_wconf 92' lang='lat' dir='ltr'>atque</span> <span class='ocrx_word' id='word_1_156' title='bbox 702 1942 916 2021; x_wconf 89' lang='lat' dir='ltr'>supplementis</span> <span class='ocrx_word' id='word_1_157' title='bbox 940 1945 1019 2002; x_wconf 92' lang='lat' dir='ltr'>aucti</span> <span class='ocrx_word' id='word_1_158' title='bbox 1037 1961 1106 2002; x_wconf 90' lang='lat' dir='ltr'>cum</span> 
     </span>
     <span class='ocr_line' id='line_1_21' title="bbox 92 2030 1105 2111; baseline -0.003 -18"><span class='ocrx_word' id='word_1_159' title='bbox 92 2034 157 2093; x_wconf 93' lang='lat' dir='ltr'>aliis</span> <span class='ocrx_word' id='word_1_160' title='bbox 180 2040 243 2093; x_wconf 92' lang='lat' dir='ltr'>tum</span> <span class='ocrx_word' id='word_1_161' title='bbox 267 2035 376 2111; x_wconf 84' lang='lat' dir='ltr'>integri</span> <span class='ocrx_word' id='word_1_162' title='bbox 398 2034 479 2092; x_wconf 92' lang='lat' dir='ltr'>tertii</span> <span class='ocrx_word' id='word_1_163' title='bbox 504 2031 540 2092; x_wconf 93' lang='lat' dir='ltr'>de</span> <span class='ocrx_word' id='word_1_164' title='bbox 563 2031 676 2091; x_wconf 89' lang='lat' dir='ltr'>morbis</span> <span class='ocrx_word' id='word_1_165' title='bbox 703 2031 782 2110; x_wconf 85' lang='lat' dir='ltr'>libri,</span> <span class='ocrx_word' id='word_1_166' title='bbox 804 2049 859 2109; x_wconf 91' lang='lat' dir='ltr'>pro</span> <span class='ocrx_word' id='word_1_167' title='bbox 883 2033 954 2090; x_wconf 89' lang='lat' dir='ltr'>artis</span> <span class='ocrx_word' id='word_1_168' title='bbox 979 2030 1105 2110; x_wconf 91' lang='lat' dir='ltr'>quadam</span> 
     </span>
     <span class='ocr_line' id='line_1_22' title="bbox 94 2117 1106 2201; baseline -0.003 -19"><span class='ocrx_word' id='word_1_169' title='bbox 94 2141 208 2183; x_wconf 90' lang='lat' dir='ltr'>summa</span> <span class='ocrx_word' id='word_1_170' title='bbox 231 2122 330 2182; x_wconf 89' lang='lat' dir='ltr'>medio</span> <span class='ocrx_word' id='word_1_171' title='bbox 354 2139 424 2181; x_wconf 91' lang='lat' dir='ltr'>aevo</span> <span class='ocrx_word' id='word_1_172' title='bbox 447 2122 603 2200; x_wconf 81' lang='lat' dir='ltr'>incipienti</span> <span class='ocrx_word' id='word_1_173' title='bbox 627 2122 707 2180; x_wconf 89' lang='lat' dir='ltr'>omni</span> <span class='ocrx_word' id='word_1_174' title='bbox 729 2117 927 2201; x_wconf 90' lang='lat' dir='ltr'>habebantur,</span> <span class='ocrx_word' id='word_1_175' title='bbox 950 2121 1037 2180; x_wconf 93' lang='lat' dir='ltr'>modo</span> <span class='ocrx_word' id='word_1_176' title='bbox 1061 2123 1106 2179; x_wconf 93' lang='lat' dir='ltr'>in-</span> 
     </span>
     <span class='ocr_line' id='line_1_23' title="bbox 91 2207 1105 2289; baseline -0.003 -18"><span class='ocrx_word' id='word_1_177' title='bbox 91 2213 169 2289; x_wconf 89' lang='lat' dir='ltr'>tegri</span> <span class='ocrx_word' id='word_1_178' title='bbox 190 2211 278 2270; x_wconf 94' lang='lat' dir='ltr'>modo</span> <span class='ocrx_word' id='word_1_179' title='bbox 303 2212 436 2289; x_wconf 85' lang='lat' dir='ltr'>excerpti</span> <span class='ocrx_word' id='word_1_180' title='bbox 459 2209 636 2289; x_wconf 85' lang='lat' dir='ltr'>diversoque</span> <span class='ocrx_word' id='word_1_181' title='bbox 660 2209 764 2274; x_wconf 89' lang='lat' dir='ltr'>ordine</span> <span class='ocrx_word' id='word_1_182' title='bbox 788 2207 932 2286; x_wconf 91' lang='lat' dir='ltr'>dispositi.</span> <span class='ocrx_word' id='word_1_183' title='bbox 959 2209 1050 2268; x_wconf 89' lang='lat' dir='ltr'>iidem</span> <span class='ocrx_word' id='word_1_184' title='bbox 1074 2211 1105 2268; x_wconf 93' lang='lat' dir='ltr'>in</span> 
     </span>
     <span class='ocr_line' id='line_1_24' title="bbox 51 2297 1107 2378; baseline -0.001 -21"><span class='ocrx_word' id='word_1_185' title='bbox 51 2360 55 2369; x_wconf 67' lang='lat'>‚</span> <span class='ocrx_word' id='word_1_186' title='bbox 92 2299 265 2378; x_wconf 89' lang='lat' dir='ltr'>ampliorem</span> <span class='ocrx_word' id='word_1_187' title='bbox 289 2301 373 2377; x_wconf 91' lang='lat' dir='ltr'>quasi</span> <span class='ocrx_word' id='word_1_188' title='bbox 397 2297 580 2359; x_wconf 90' lang='lat' dir='ltr'>collectionis</span> <span class='ocrx_word' id='word_1_189' title='bbox 603 2298 735 2358; x_wconf 90' lang='lat' dir='ltr'>medicae</span> <span class='ocrx_word' id='word_1_190' title='bbox 763 2297 906 2357; x_wconf 92' lang='lat' dir='ltr'>ambitum</span> <span class='ocrx_word' id='word_1_191' title='bbox 929 2301 1043 2377; x_wconf 88' lang='lat' dir='ltr'>recepti</span> <span class='ocrx_word' id='word_1_192' title='bbox 1066 2300 1107 2357; x_wconf 81' lang='lat' dir='ltr'>ita</span> 
     </span>
     <span class='ocr_line' id='line_1_25' title="bbox 92 2386 1108 2467; baseline -0.003 -19"><span class='ocrx_word' id='word_1_193' title='bbox 92 2386 386 2467; x_wconf 79' lang='lat' dir='ltr'>circumferebantur,</span> <span class='ocrx_word' id='word_1_194' title='bbox 404 2394 438 2447; x_wconf 91' lang='lat' dir='ltr'>ut</span> <span class='ocrx_word' id='word_1_195' title='bbox 460 2387 557 2447; x_wconf 91' lang='lat' dir='ltr'>tribus</span> <span class='ocrx_word' id='word_1_196' title='bbox 576 2386 635 2446; x_wconf 92' lang='lat' dir='ltr'>illis</span> <span class='ocrx_word' id='word_1_197' title='bbox 658 2388 783 2464; x_wconf 86' lang='lat' dir='ltr'>integris</span> <span class='ocrx_word' id='word_1_198' title='bbox 803 2393 926 2464; x_wconf 79' lang='lat' dir='ltr'>quartus</span> <span class='ocrx_word' id='word_1_199' title='bbox 947 2386 1108 2447; x_wconf 89' lang='lat' dir='ltr'>adderetur</span> 
     </span>
     <span class='ocr_line' id='line_1_26' title="bbox 92 2469 1107 2557; baseline -0.003 -21"><span class='ocrx_word' id='word_1_200' title='bbox 92 2495 128 2536; x_wconf 84' lang='lat' dir='ltr'>ex</span> <span class='ocrx_word' id='word_1_201' title='bbox 148 2476 277 2536; x_wconf 89' lang='lat' dir='ltr'>secundo</span> <span class='ocrx_word' id='word_1_202' title='bbox 296 2474 441 2536; x_wconf 91' lang='lat' dir='ltr'>Prisciani</span> <span class='ocrx_word' id='word_1_203' title='bbox 459 2482 627 2556; x_wconf 85' lang='lat' dir='ltr'>excerptus,</span> <span class='ocrx_word' id='word_1_204' title='bbox 646 2477 766 2553; x_wconf 82' lang='lat' dir='ltr'>quintus</span> <span class='ocrx_word' id='word_1_205' title='bbox 782 2475 888 2535; x_wconf 91' lang='lat' dir='ltr'>deinde</span> <span class='ocrx_word' id='word_1_206' title='bbox 907 2475 1020 2535; x_wconf 84' lang='lat' dir='ltr'>Aurelii</span> <span class='ocrx_word' id='word_1_207' title='bbox 1035 2469 1107 2557; x_wconf 83' lang='grc' dir='ltr'><strong>(11οθ</strong></span> 
     </span>
     <span class='ocr_line' id='line_1_27' title="bbox 92 2557 1109 2648; baseline -0.003 -24"><span class='ocrx_word' id='word_1_208' title='bbox 92 2573 138 2625; x_wconf 92' lang='grc' dir='ltr'>θ1ι</span> <span class='ocrx_word' id='word_1_209' title='bbox 160 2557 328 2648; x_wconf 83' lang='lat' dir='ltr'>Aureliani)</span> <span class='ocrx_word' id='word_1_210' title='bbox 352 2564 388 2624; x_wconf 96' lang='lat' dir='ltr'>de</span> <span class='ocrx_word' id='word_1_211' title='bbox 417 2566 511 2624; x_wconf 89' lang='lat' dir='ltr'>acutis</span> <span class='ocrx_word' id='word_1_212' title='bbox 542 2563 731 2643; x_wconf 91' lang='lat' dir='ltr'>passionibus</span> <span class='ocrx_word' id='word_1_213' title='bbox 755 2570 785 2622; x_wconf 91' lang='grc' dir='ltr'>θι</span> <span class='ocrx_word' id='word_1_214' title='bbox 815 2564 948 2624; x_wconf 89' lang='lat' dir='ltr'>eiusdem</span> <span class='ocrx_word' id='word_1_215' title='bbox 976 2565 1109 2623; x_wconf 90' lang='lat' dir='ltr'>auctoris</span> 
     </span>
     <span class='ocr_line' id='line_1_28' title="bbox 93 2646 1107 2736; baseline -0.004 -23"><span class='ocrx_word' id='word_1_216' title='bbox 93 2646 197 2736; x_wconf 86' lang='lat' dir='ltr'>(quern</span> <span class='ocrx_word' id='word_1_217' title='bbox 221 2652 389 2732; x_wconf 91' lang='lat' dir='ltr'>Scolapium</span> <span class='ocrx_word' id='word_1_218' title='bbox 408 2652 454 2712; x_wconf 84' lang='lat' dir='ltr'>vel</span> <span class='ocrx_word' id='word_1_219' title='bbox 472 2651 659 2732; x_wconf 87' lang='lat' dir='ltr'>Escolapium</span> <span class='ocrx_word' id='word_1_220' title='bbox 679 2652 798 2731; x_wconf 90' lang='lat' dir='ltr'>quidam</span> <span class='ocrx_word' id='word_1_221' title='bbox 818 2655 988 2731; x_wconf 88' lang='lat' dir='ltr'>ignorantes</span> <span class='ocrx_word' id='word_1_222' title='bbox 1007 2651 1107 2730; x_wconf 88' lang='lat' dir='ltr'>appel-</span> 
     </span>
     <span class='ocr_line' id='line_1_29' title="bbox 36 2735 1108 2824; baseline -0.002 -23"><span class='ocrx_word' id='word_1_223' title='bbox 36 2780 38 2785; x_wconf 41' lang='lat'><em>1</em></span> <span class='ocrx_word' id='word_1_224' title='bbox 91 2735 205 2824; x_wconf 89' lang='lat' dir='ltr'>labant)</span> <span class='ocrx_word' id='word_1_225' title='bbox 230 2748 331 2801; x_wconf 85' lang='lat' dir='ltr'>sextus</span> <span class='ocrx_word' id='word_1_226' title='bbox 353 2736 575 2822; x_wconf 76' lang='lat' dir='ltr'>„Groniorum“.</span> <span class='ocrx_word' id='word_1_227' title='bbox 600 2759 635 2801; x_wconf 86' lang='lat' dir='ltr'>ex</span> <span class='ocrx_word' id='word_1_228' title='bbox 636 2747 710 2801; x_wconf 67' lang='lat' dir='ltr'>tant·</span> <span class='ocrx_word' id='word_1_229' title='bbox 724 2741 844 2820; x_wconf 89' lang='lat' dir='ltr'>quidem</span> <span class='ocrx_word' id='word_1_230' title='bbox 867 2739 917 2800; x_wconf 93' lang='lat' dir='ltr'>alii</span> <span class='ocrx_word' id='word_1_231' title='bbox 941 2740 1057 2800; x_wconf 92' lang='lat' dir='ltr'>codices</span> <span class='ocrx_word' id='word_1_232' title='bbox 1078 2748 1108 2800; x_wconf 90' lang='lat' dir='ltr'>et.</span> 
     </span>
    </p>
   </div>
   <div class='ocr_carea' id='block_1_3' title="bbox 92 2828 1109 3091">
    <p class='ocr_par' dir='ltr' id='par_1_4' title="bbox 92 2828 1109 3091">
     <span class='ocr_line' id='line_1_30' title="bbox 92 2828 1108 2910; baseline -0.002 -20"><span class='ocrx_word' id='word_1_233' title='bbox 92 2833 275 2891; x_wconf 88' lang='lat' dir='ltr'>recentiores</span> <span class='ocrx_word' id='word_1_234' title='bbox 291 2829 398 2909; x_wconf 91' lang='lat' dir='ltr'>quibus</span> <span class='ocrx_word' id='word_1_235' title='bbox 418 2836 505 2908; x_wconf 92' lang='lat' dir='ltr'>quart</span> <span class='ocrx_word' id='word_1_236' title='bbox 506 2848 523 2889; x_wconf 95' lang='lat' dir='ltr'>o</span> <span class='ocrx_word' id='word_1_237' title='bbox 493 2829 588 2889; x_wconf 93' lang='lat' dir='ltr'>tillo</span> <span class='ocrx_word' id='word_1_238' title='bbox 604 2832 713 2890; x_wconf 92' lang='lat' dir='ltr'>omisso</span> <span class='ocrx_word' id='word_1_239' title='bbox 733 2832 863 2907; x_wconf 88' lang='lat' dir='ltr'>quinque</span> <span class='ocrx_word' id='word_1_240' title='bbox 878 2829 977 2907; x_wconf 80' lang='lat' dir='ltr'>lqrunt</span> <span class='ocrx_word' id='word_1_241' title='bbox 978 2848 1014 2889; x_wconf 90' lang='lat' dir='ltr'>ur</span> <span class='ocrx_word' id='word_1_242' title='bbox 1032 2828 1108 2910; x_wconf 89' lang='lat' dir='ltr'>„Ga-</span> 
     </span>
     <span class='ocr_line' id='line_1_31' title="bbox 92 2911 1105 3002; baseline 0.001 -24"><span class='ocrx_word' id='word_1_243' title='bbox 92 2914 183 2979; x_wconf 88' lang='grc' dir='ltr'><strong>11θ11111</strong></span> <span class='ocrx_word' id='word_1_244' title='bbox 201 2926 349 2978; x_wconf 82' lang='grc' dir='ltr'><strong>011111θ1θι</strong></span> <span class='ocrx_word' id='word_1_245' title='bbox 337 2919 518 2999; x_wconf 90' lang='lat' dir='ltr'>dttecurtai,</span> <span class='ocrx_word' id='word_1_246' title='bbox 485 2925 570 2978; x_wconf 91' lang='lat' dir='ltr'>ttu</span> <span class='ocrx_word' id='word_1_247' title='bbox 557 2918 735 2978; x_wconf 77' lang='lat' dir='ltr'>tllarberin</span> <span class='ocrx_word' id='word_1_248' title='bbox 744 2917 783 2977; x_wconf 90' lang='lat' dir='ltr'>lll</span> <span class='ocrx_word' id='word_1_249' title='bbox 783 2911 890 2999; x_wconf 89' lang='grc'><strong>,29(1</strong></span> <span class='ocrx_word' id='word_1_250' title='bbox 897 2911 1032 3002; x_wconf 70' lang='grc' dir='ltr'>ΧΙ,ΙΧΙΙΙ</span> <span class='ocrx_word' id='word_1_251' title='bbox 1042 2919 1105 2979; x_wconf 91' lang='lat' dir='ltr'>Vat.</span> 
     </span>
     <span class='ocr_line' id='line_1_32' title="bbox 92 3000 1109 3091; baseline -0.001 -23"><span class='ocrx_word' id='word_1_252' title='bbox 92 3000 468 3091; x_wconf 79' lang='lat' dir='ltr'>4418(xl),4417(xl1).</span> <span class='ocrx_word' id='word_1_253' title='bbox 494 3025 545 3067; x_wconf 83' lang='lat' dir='ltr'>sex</span> <span class='ocrx_word' id='word_1_254' title='bbox 560 3013 658 3067; x_wconf 90' lang='lat' dir='ltr'>autem</span> <span class='ocrx_word' id='word_1_255' title='bbox 673 3007 819 3085; x_wconf 89' lang='lat' dir='ltr'>significat</span> <span class='ocrx_word' id='word_1_256' title='bbox 806 3005 925 3066; x_wconf 82' lang='lat' dir='ltr'>tcodex</span> <span class='ocrx_word' id='word_1_257' title='bbox 936 3007 1109 3067; x_wconf 88' lang='lat' dir='ltr'>Casinensis</span> 
     </span>
    </p>
   </div>
   <div class='ocr_carea' id='block_1_4' title="bbox 92 3090 1111 3623">
    <p class='ocr_par' dir='ltr' id='par_1_5' title="bbox 92 3090 1111 3623">
     <span class='ocr_line' id='line_1_33' title="bbox 94 3090 1107 3180; baseline 0 -24"><span class='ocrx_word' id='word_1_258' title='bbox 94 3094 134 3157; x_wconf 81' lang='lat'>97</span> <span class='ocrx_word' id='word_1_259' title='bbox 152 3090 189 3179; x_wconf 92' lang='grc'><strong>(11.</strong></span> <span class='ocrx_word' id='word_1_260' title='bbox 208 3090 289 3180; x_wconf 86' lang='lat' dir='ltr'>X),</span> <span class='ocrx_word' id='word_1_261' title='bbox 281 3115 313 3156; x_wconf 92' lang='lat' dir='ltr'>1n</span> <span class='ocrx_word' id='word_1_262' title='bbox 337 3114 395 3175; x_wconf 91' lang='lat' dir='ltr'>quo</span> <span class='ocrx_word' id='word_1_263' title='bbox 418 3102 486 3175; x_wconf 94' lang='lat' dir='ltr'>post</span> <span class='ocrx_word' id='word_1_264' title='bbox 508 3094 642 3155; x_wconf 88' lang='lat' dir='ltr'>Galenit</span> <span class='ocrx_word' id='word_1_265' title='bbox 630 3103 692 3156; x_wconf 93' lang='lat' dir='ltr'>tres</span> <span class='ocrx_word' id='word_1_266' title='bbox 716 3115 783 3156; x_wconf 90' lang='lat' dir='ltr'>cum</span> <span class='ocrx_word' id='word_1_267' title='bbox 807 3101 927 3156; x_wconf 86' lang='lat' dir='ltr'>octavus</span> <span class='ocrx_word' id='word_1_268' title='bbox 951 3099 1107 3175; x_wconf 89' lang='lat' dir='ltr'>quaternio</span> 
     </span>
     <span class='ocr_line' id='line_1_34' title="bbox 93 3183 1111 3265; baseline 0.001 -21"><span class='ocrx_word' id='word_1_269' title='bbox 93 3185 265 3264; x_wconf 91' lang='lat' dir='ltr'>deperditus</span> <span class='ocrx_word' id='word_1_270' title='bbox 281 3187 327 3265; x_wconf 89' lang='lat' dir='ltr'>sit,</span> <span class='ocrx_word' id='word_1_271' title='bbox 342 3187 374 3244; x_wconf 92' lang='lat' dir='ltr'>in</span> <span class='ocrx_word' id='word_1_272' title='bbox 388 3187 459 3244; x_wconf 92' lang='lat' dir='ltr'>noni</span> <span class='ocrx_word' id='word_1_273' title='bbox 473 3183 543 3243; x_wconf 88' lang='lat' dir='ltr'>solio</span> <span class='ocrx_word' id='word_1_274' title='bbox 558 3187 654 3263; x_wconf 91' lang='lat' dir='ltr'>primo</span> <span class='ocrx_word' id='word_1_275' title='bbox 674 3187 772 3263; x_wconf 90' lang='lat' dir='ltr'>quarti</span> <span class='ocrx_word' id='word_1_276' title='bbox 786 3184 866 3244; x_wconf 91' lang='lat' dir='ltr'>illius</span> <span class='ocrx_word' id='word_1_277' title='bbox 886 3186 953 3245; x_wconf 83' lang='lat' dir='ltr'>finis</span> <span class='ocrx_word' id='word_1_278' title='bbox 973 3193 1111 3246; x_wconf 87' lang='lat' dir='ltr'>servatur</span> 
     </span>
     <span class='ocr_line' id='line_1_35' title="bbox 93 3271 1109 3392; baseline 0.002 -59.034"><span class='ocrx_word' id='word_1_279' title='bbox 93 3276 141 3334; x_wconf 90' lang='lat' dir='ltr'>cui</span> <span class='ocrx_word' id='word_1_280' title='bbox 161 3276 203 3334; x_wconf 93' lang='lat' dir='ltr'>sic</span> <span class='ocrx_word' id='word_1_281' title='bbox 219 3273 379 3333; x_wconf 91' lang='lat' dir='ltr'>subscribit</span> <span class='ocrx_word' id='word_1_282' title='bbox 367 3280 416 3332; x_wconf 93' lang='lat' dir='ltr'>tur</span> <span class='ocrx_word' id='word_1_283' title='bbox 429 3271 576 3354; x_wconf 85' lang='lat' dir='ltr'>„Explicit</span> <span class='ocrx_word' id='word_1_284' title='bbox 589 3272 666 3333; x_wconf 88' lang='lat' dir='ltr'>liber</span> <span class='ocrx_word' id='word_1_285' title='bbox 679 3273 739 3333; x_wconf 97' lang='lat' dir='ltr'>llll</span> <span class='ocrx_word' id='word_1_286' title='bbox 756 3273 872 3392; x_wconf 71' lang='lat' dir='ltr'>galieni.</span> <span class='ocrx_word' id='word_1_287' title='bbox 895 3274 1046 3355; x_wconf 86' lang='lat' dir='ltr'>Incipiunt</span> <span class='ocrx_word' id='word_1_288' title='bbox 1060 3293 1109 3334; x_wconf 92' lang='lat' dir='ltr'>ca-</span> 
     </span>
     <span class='ocr_line' id='line_1_36' title="bbox 92 3358 1108 3442; baseline 0 -20"><span class='ocrx_word' id='word_1_289' title='bbox 92 3365 137 3442; x_wconf 90' lang='lat' dir='ltr'>pit</span> <span class='ocrx_word' id='word_1_290' title='bbox 124 3361 185 3422; x_wconf 90' lang='lat' dir='ltr'>tula</span> <span class='ocrx_word' id='word_1_291' title='bbox 200 3360 268 3421; x_wconf 92' lang='lat' dir='ltr'>libri</span> <span class='ocrx_word' id='word_1_292' title='bbox 287 3362 399 3421; x_wconf 90' lang='lat' dir='ltr'>aurelii</span> <span class='ocrx_word' id='word_1_293' title='bbox 424 3362 460 3422; x_wconf 90' lang='lat' dir='ltr'>de</span> <span class='ocrx_word' id='word_1_294' title='bbox 480 3364 574 3421; x_wconf 91' lang='lat' dir='ltr'>acutis</span> <span class='ocrx_word' id='word_1_295' title='bbox 597 3358 812 3441; x_wconf 64' lang='grc'><strong>(1111101111111111.</strong></span> <span class='ocrx_word' id='word_1_296' title='bbox 831 3362 992 3424; x_wconf 87' lang='lat' dir='ltr'>ultimus</span> <span class='ocrx_word' id='word_1_297' title='bbox 970 3383 1033 3424; x_wconf 89' lang='lat' dir='ltr'>srne</span> <span class='ocrx_word' id='word_1_298' title='bbox 1052 3382 1108 3423; x_wconf 90' lang='lat' dir='ltr'>nu-</span> 
     </span>
     <span class='ocr_line' id='line_1_37' title="bbox 92 3448 1110 3535; baseline 0.002 -25"><span class='ocrx_word' id='word_1_299' title='bbox 92 3469 175 3510; x_wconf 91' lang='lat' dir='ltr'>mero</span> <span class='ocrx_word' id='word_1_300' title='bbox 191 3452 288 3528; x_wconf 89' lang='lat' dir='ltr'>sequit</span> <span class='ocrx_word' id='word_1_301' title='bbox 289 3449 496 3553; x_wconf 60' lang='lat' dir='ltr'>urScolapius,</span> <span class='ocrx_word' id='word_1_302' title='bbox 509 3458 579 3510; x_wconf 92' lang='lat' dir='ltr'>cont</span> <span class='ocrx_word' id='word_1_303' title='bbox 580 3470 611 3510; x_wconf 91' lang='lat' dir='ltr'>ra</span> <span class='ocrx_word' id='word_1_304' title='bbox 621 3453 652 3510; x_wconf 92' lang='lat' dir='ltr'>in</span> <span class='ocrx_word' id='word_1_305' title='bbox 662 3450 944 3512; x_wconf 88' lang='lat' dir='ltr'>Vindobonensit</span> <span class='ocrx_word' id='word_1_306' title='bbox 897 3460 944 3512; x_wconf 88' lang='lat' dir='ltr'>vet</span> <span class='ocrx_word' id='word_1_307' title='bbox 947 3459 1047 3512; x_wconf 87' lang='lat' dir='ltr'>eret</span> <span class='ocrx_word' id='word_1_308' title='bbox 1007 3452 1054 3512; x_wconf 93' lang='lat' dir='ltr'>lat.</span> <span class='ocrx_word' id='word_1_309' title='bbox 1064 3448 1110 3512; x_wconf 80' lang='lat'>68</span> 
     </span>
     <span class='ocr_line' id='line_1_38' title="bbox 94 3532 1107 3623; baseline 0 -24"><span class='ocrx_word' id='word_1_310' title='bbox 94 3533 180 3623; x_wconf 83' lang='lat' dir='ltr'>(olim</span> <span class='ocrx_word' id='word_1_311' title='bbox 203 3539 278 3599; x_wconf 90' lang='lat' dir='ltr'>med.</span> <span class='ocrx_word' id='word_1_312' title='bbox 294 3532 352 3622; x_wconf 82' lang='lat'>55)</span> <span class='ocrx_word' id='word_1_313' title='bbox 377 3546 407 3598; x_wconf 90' lang='lat' dir='ltr'>et</span> <span class='ocrx_word' id='word_1_314' title='bbox 430 3541 495 3617; x_wconf 93' lang='lat' dir='ltr'>ipso</span> <span class='ocrx_word' id='word_1_315' title='bbox 519 3538 566 3599; x_wconf 92' lang='lat' dir='ltr'>litt</span> <span class='ocrx_word' id='word_1_316' title='bbox 542 3541 627 3599; x_wconf 92' lang='lat' dir='ltr'>tteris</span> <span class='ocrx_word' id='word_1_317' title='bbox 651 3538 868 3617; x_wconf 92' lang='lat' dir='ltr'>langobardicis</span> <span class='ocrx_word' id='word_1_318' title='bbox 892 3543 1002 3618; x_wconf 89' lang='lat' dir='ltr'>scripto</span> <span class='ocrx_word' id='word_1_319' title='bbox 985 3535 1055 3621; x_wconf 89' lang='grc' dir='ltr'>ο(1</span> <span class='ocrx_word' id='word_1_320' title='bbox 1068 3539 1107 3599; x_wconf 92' lang='lat' dir='ltr'>IX</span> 
     </span>
    </p>
   </div>
   <div class='ocr_carea' id='block_1_5' title="bbox 0 0 1203 3922">
    <p class='ocr_par' dir='ltr' id='par_1_6' title="bbox 0 0 1203 3922">
     <span class='ocr_line' id='line_1_39' title="bbox 0 0 1203 3922; baseline 0 0"><span class='ocrx_word' id='word_1_321' title='bbox 0 0 1203 3922; x_wconf 95' lang='lat' dir='ltr'> </span> 
     </span>
    </p>
   </div>
  </div>
 </body>
</html>
