2392 3922
112 190 176 256 388
301 188 579 242 aurmoramuu
596 190 703 243 BBUK
721 189 929 244 SECUNDUM.

62 357 123 420 131
201 357 297 416 Item.
330 354 454 415 herbam
482 357 664 415 artemisiam
682 374 699 415 a
716 354 812 435 pridie
840 353 892 415 ubi
920 356 1054 416 nascitur
1080 355 1121 413 in·
1195 425 1196 436 χ

115 447 225 526 quires,
249 451 280 503 et
302 441 359 504 alia
383 443 431 504 die
454 451 522 503 ante
546 443 618 504 solis
641 451 739 505 ortum
761 441 921 504 inclinatus
944 443 982 504 de
1006 445 1122 504 sinistra
1193 453 1196 470 ¹

117 552 207 594 manu
231 532 315 592 velle.
340 534 404 592 sine
428 532 505 592 nodo
529 534 681 611 concingis
703 539 742 593 te.

65 621 127 685 138
204 621 252 681 Ad
275 621 450 682 hireosos.
473 629 522 681 tus
545 621 708 682 masculum
731 627 761 681 et
783 620 901 682 alumen
924 628 999 701 tere,
1027 628 1058 681 et
1081 638 1122 680 as-

117 710 206 772 cellas
229 711 347 770 hircoso
371 709 440 770 line.
464 716 515 769 aut
536 717 634 770 murta
657 712 744 771 sicca.
1145 720 1153 762 1

64 797 127 862 139
203 799 251 859 Ad
274 816 399 859 renum
421 797 586 858 dolorem.
610 800 729 859 ieiunus
746 817 869 877 puscam
886 797 1020 878 tepidam
1037 796 1124 877 bibat,

116 896 147 950 et
169 888 339 949 inambulet.
363 893 414 948 aut
431 895 511 947 certe
527 905 629 947 sevum
641 886 786 948 bubulum
800 887 968 968 manducet,
982 894 1034 948 aut
1047 895 1124 947 certe

118 980 237 1039 suinum
260 979 413 1055 virginem.
438 974 472 1035 ad
497 993 600 1036 renem
622 974 736 1054 ligabis.

67 1063 131 1129 140
207 1066 254 1126 Ad
283 1065 542 1144 dysentericos.
570 1064 769 1144 conchylium,
792 1064 967 1144 anchusam,
1000 1063 1126 1144 amylum

11 1153 57 1220 (=
68 1153 113 1220 48)
123 1155 353 1216 alexandrinum.
379 1153 452 1213 haec
479 1155 577 1213 omnia
604 1155 705 1232 aequis
732 1152 915 1232 ponderibus
942 1160 1044 1233 tunsa,
1072 1155 1125 1213 cri·
1138 1165 1155 1205 1⁰

116 1244 223 1305 bellata
241 1241 381 1303 servabis.
405 1244 436 1300 in
450 1244 626 1303 necessitate
645 1241 729 1302 dabis
747 1243 780 1302 in
798 1259 852 1301 ovo
871 1240 977 1302 sorbili
995 1240 1125 1303 cocleare

117 1333 237 1412 plenum
260 1349 345 1390 mane
369 1332 477 1390 ieiuno.
501 1332 533 1389 in
556 1332 618 1390 ovis
640 1329 737 1391 tribus
756 1329 872 1409 singula
894 1329 1051 1408 coclearia,
1074 1331 1126 1390 hoc

118 1427 164 1479 est
187 1438 241 1498 per
264 1418 343 1479 diem
366 1435 459 1477 unum
483 1437 570 1478 ovum
594 1437 694 1480 unum.

31 1510 40 1531 ¹
66 1504 127 1568 141
205 1505 300 1566 ltem.
325 1505 480 1584 coagulum
498 1506 609 1585 leporis
628 1527 665 1567 ex
687 1510 756 1567 vino
778 1510 873 1568 reteri
895 1507 1030 1570 deletum
1049 1516 1126 1588 tepe-

118 1597 228 1656 factum
255 1593 339 1654 dabis
367 1595 466 1653 ieiuno
494 1594 606 1655 bibere.
634 1603 665 1656 et
692 1599 831 1657 continuo
861 1604 958 1676 sanat,
989 1599 1083 1658 etiam
1104 1599 1128 1656 si
1138 1605 1157 1648 1⁵

119 1702 224 1744 carnes
248 1685 353 1744 mittat.

68 1770 130 1834 142
208 1772 301 1833 Item.
334 1789 407 1831 urae
441 1771 588 1832 silvaticae
617 1773 713 1833 adhuc
740 1775 859 1834 croniae
887 1773 1036 1835 folliculos
1065 1793 1129 1835 cum

14 1871 57 1925 1ἓ
68 1859 113 1926 49)
121 1864 221 1942 granis
244 1864 316 1941 suis,
338 1859 461 1940 prolatis
485 1862 578 1942 sucis,
606 1863 708 1922 siccas.
736 1869 862 1942 utraque
884 1862 1000 1944 tundis,
1023 1866 1129 1942 cernis,

121 1952 152 2011 in
175 1951 252 2011 dolio
276 1952 369 2010 vitreo
394 1949 534 2010 servabis.
562 1952 593 2009 in
621 1953 797 2012 necessitate
826 1950 911 2012 dabis
935 1970 972 2012 ex
994 1949 1052 2013 hoc
1075 1954 1130 2012 tria

120 2040 264 2101 coclearia
291 2041 323 2098 in
349 2041 411 2098 vini
438 2041 547 2098 veteris
578 2057 660 2099 mero
688 2039 794 2117 frigido
822 2039 868 2099 vel
897 2039 1007 2120 tepido.
1041 2041 1161 2102 febri-o

120 2132 224 2190 citanti
247 2147 315 2189 cum
338 2127 522 2187 omfaeomeli
544 2127 670 2209 modico,
693 2134 725 2188 ut
748 2146 838 2206 supra
860 2136 1052 2190 memoratur.

70 2214 132 2278 143
209 2216 304 2277 Item.
334 2216 522 2276 membranas
545 2218 708 2277 exteriores
731 2219 842 2277 ventris
866 2216 1028 2299 gallinacii,
1060 2236 1130 2298 quas

14 2302 186 2370 (=50)coci
218 2323 336 2384 semper
367 2307 526 2383 proiciunt,
558 2307 684 2365 maxime
712 2305 748 2365 de
780 2304 915 2384 pluribus
948 2306 1050 2384 pullis.
1081 2307 1131 2368 has

121 2393 182 2453 sole
207 2392 341 2472 siccabis,
366 2395 463 2453 itaut
486 2395 546 2452 sint
567 2392 652 2453 XXV.
676 2393 785 2475 tundis,
808 2396 916 2475 cernis,
940 2413 1008 2455 cum
1031 2395 1131 2475 pilulis

121 2499 194 2559 quas
226 2481 352 2540 dicimus
384 2482 500 2540 asianas
533 2481 637 2562 gallas,
663 2501 787 2543 numero
806 2481 837 2543 V.
866 2501 902 2543 ex
930 2483 1040 2561 quibus
1068 2483 1163 2563 pul-²⁵

121 2586 220 2627 verem
248 2569 357 2627 lactum
385 2570 498 2646 pariter
525 2570 665 2630 miscebis
693 2574 724 2631 in
752 2573 833 2652 vino,
865 2578 895 2631 et
922 2590 1016 2650 aeque
1045 2572 1133 2653 amyli

121 2655 304 2716 alexandrini
327 2656 459 2716 cocleare
478 2675 579 2718 unum.
603 2662 748 2738 permixta
771 2662 869 2720 omnia
891 2662 923 2719 in
945 2679 1014 2721 vase
1037 2664 1132 2722 vitreo

122 2744 261 2806 servabis.
286 2763 354 2804 cum
377 2763 499 2806 necesse
518 2747 617 2828 luerit,
641 2750 672 2809 in
691 2766 744 2808 ovo
765 2748 868 2809 sorbili
890 2748 975 2809 dabis
999 2749 1133 2811 cocleare

122 2853 222 2915 unum,
245 2836 277 2893 in
300 2833 348 2894 die
372 2834 472 2894 semel.
496 2838 523 2894 si
542 2844 641 2897 autem
659 2840 699 2897 ita
718 2838 808 2897 luerit
829 2837 935 2898 solutio
954 2841 1079 2920 ventriS,
1102 2845 1133 2900 ut

122 2943 190 2985 cum
213 2930 343 2983 stercore
368 2922 463 2984 soluto
488 2932 572 3002 sputa
596 2933 768 2986 remaneant
790 2933 821 2986 et
843 2933 986 3004 generent
1009 2936 1166 2988 conatuso
1189 2936 1195 2941 '

193 3129 302 3184 3velle
321 3131 349 3183 B
363 3129 462 3199 (evelle
480 3130 539 3197 111).
606 3135 738 3184 tsevum
755 3129 809 3183 eda
828 3143 923 3184 senem
942 3131 978 3188 Β.
1035 3139 1069 3188 14
1088 3149 1134 3189 ve·

123 3203 182 3255 tere
203 3202 274 3270 (bic)
293 3201 330 3256 B.
387 3208 420 3256 17
435 3216 519 3254 uvae:
538 3197 622 3253 uiuae
641 3201 669 3253 B
689 3203 767 3266 (corr.
787 3199 846 3267 eol).
920 3218 1013 3274 creme
1029 3207 1093 3273 (sic)
1108 3205 1135 3260 B

123 3271 254 3339 (recentis
268 3274 327 3341 111).
383 3277 415 3326 21
436 3269 544 3325 omfaeo
562 3269 645 3324 melle
664 3270 700 3325 Β.
760 3284 843 3338 supra
861 3288 897 3326 m.
916 3289 952 3328 ec.
971 3275 1005 3328 ab
1025 3283 1136 3333 auctore

123 3344 172 3409 qm
189 3344 359 3398 ammittitur.
450 3347 484 3396 22
503 3339 649 3395 exterioris
667 3341 703 3394 B.
789 3341 895 3395 ventris
913 3359 971 3397 uua
988 3343 1136 3413 gallinacii

125 3413 187 3478 (so)
202 3413 238 3466 B.
294 3419 327 3467 25
346 3412 436 3486 111111
455 3410 542 3481 gallis
553 3413 614 3478 (otc)
626 3413 654 3465 Β
668 3408 856 3481 (anagallides
870 3414 920 3482 ed,
938 3414 986 3469 aad
998 3417 1034 3482 cf.
1048 3433 1135 3486 supro

123 3497 144 3617 p.
156 3485 235 3618 Ι55113
283 3482 418 3539 aremuli
432 3482 460 3536 B
475 3483 535 3551 (qui
552 3480 670 3536 emilam
687 3499 773 3552 supra
790 3485 910 3553 semper).
996 3490 1030 3540 30
1050 3489 1135 3557 sputa

136 3567 175 3604 arc
237 3595 243 3607 .
