2392 3922
461 157 742 209 ,ADDI'rnnfflNTn
1048 154 1111 219 271

91 311 239 382 alopecias
263 311 395 367 celeriter
417 315 508 368 sanat.
545 313 664 382 pellium
686 311 847 383 viperarum
870 312 941 366 cinis
969 313 1112 383 alopecias

90 390 224 446 celeriter
243 391 348 461 explet,
367 394 514 461 expertum
532 395 583 447 est.
621 409 704 447 sucus
722 391 865 447 millefolii
884 409 948 446 cum
966 392 1028 447 oleo
1048 410 1112 448 con-

90 471 213 526 fricatus
232 469 341 540 crispos
360 471 479 540 capillos
497 471 576 527 facit.
614 472 704 543 [prius
723 474 851 526 attamen
869 471 953 527 loca.
971 516 976 527 .
994 517 999 527 .

92 579 140 632 Ad
154 578 184 646 I,
199 581 220 631 8
235 579 297 645 (20)
321 575 369 631 De
394 577 550 632 aurium
578 577 781 632 causatione
801 580 883 646 (inter
902 620 908 632 .
924 623 930 633 .
947 623 952 633 .
967 579 1112 653 centaurip

369 657 440 711 facit
458 665 483 713 et
502 657 531 711 Si
551 673 650 712 sonare
670 674 751 712 aures
767 701 772 712 .
789 701 795 712 .
812 660 839 728 .).
1125 666 1138 706 5

163 735 209 790 Ad
227 735 431 791 ventositatem
454 739 483 791 et
508 736 645 791 tinnitum
666 737 784 792 aurium.
817 736 924 790 nitrum
943 740 972 791 et
990 755 1112 791 murram
1120 732 1178 802 (Vll

92 815 140 871 vel
158 818 320 870 castoreum
333 833 388 870 ana
402 819 431 885 (i.
445 834 466 872 e.
487 816 601 885 aequali
619 818 761 886 mensura)
780 816 953 887 distempera
971 833 1035 870 cum
1050 817 1112 872 oleo

93 897 124 948 et
142 896 233 964 aceto,
253 898 284 950 et
302 894 528 950 calidummitte
547 895 578 949 in
597 912 701 951 aurem.

90 1001 139 1055 Ad
152 1001 179 1069 1,
193 1007 212 1056 8
228 1004 289 1070 (21)
309 1000 356 1055 De
375 1001 509 1056 aurium
527 1001 731 1056 causatione
746 1004 820 1071 (post
837 1002 875 1057 ut
893 1002 960 1056 fem
977 1002 1110 1071 purgatio

163 1097 229 1133 cum
247 1084 329 1135 aceto
347 1081 419 1136 trita
437 1080 651 1150 commodi<u>s
666 1081 830 1151 operabitur
848 1089 879 1136 at
894 1083 973 1136 habet
987 1084 1020 1151 b).
1125 1091 1150 1130 10

164 1159 252 1215 Sucos
275 1159 353 1230 porri
377 1162 406 1215 et
429 1177 547 1215 araneos
570 1163 628 1214 tres
657 1159 741 1213 simul
768 1160 905 1214 contritos
933 1160 964 1213 in
988 1159 1111 1229 strigilla

90 1238 257 1308 calefacies,
291 1241 321 1293 et
346 1237 476 1308 tepidum
503 1238 534 1292 in
562 1255 659 1293 aurem
685 1238 796 1309 mittes,
829 1242 859 1294 et
886 1240 921 1294 de
948 1239 1016 1294 lana
1043 1239 1110 1293 alba

90 1317 288 1372 vetustissima
306 1317 448 1372 obturato.
487 1320 517 1372 et
535 1318 646 1372 sordem
663 1322 768 1390 purgat
794 1324 823 1375 et
842 1323 932 1375 sanat.
962 1338 1043 1374 sucus
1061 1320 1110 1374 he·

91 1399 176 1453 derae
186 1397 302 1469 tepidus
311 1396 475 1452 instilletur.
494 1397 540 1451 lac
551 1397 684 1452 caninum
693 1399 822 1469 tepidum
836 1399 944 1456 inicito.
964 1401 1111 1470 caprinum

89 1477 194 1532 lotium
211 1477 243 1530 in
260 1493 329 1531 vase
347 1476 438 1531 vitreo
458 1480 602 1532 servatum
619 1479 749 1549 tepidum
766 1478 866 1535 inicito
880 1479 1004 1535 auribus.
1038 1479 1150 1533 cele-15

89 1556 160 1610 riter
180 1559 271 1611 sanat.
301 1555 413 1626 origani
432 1573 514 1610 sucus
529 1555 629 1610 viridis
644 1556 758 1627 tepidus
773 1557 905 1613 stillatur.
934 1559 969 1614 de
988 1558 1110 1613 cannabi

90 1635 198 1690 semine
217 1653 316 1690 sucum
337 1635 475 1706 tepidum.
512 1634 632 1690 nimium
654 1635 780 1690 dolorem
802 1636 888 1692 tollit.
925 1638 1031 1693 herbae
1047 1654 1110 1702 yer-

90 1715 182 1769 benae
202 1732 301 1770 sucum
318 1716 448 1787 tepidum
466 1713 584 1770 stillato.
623 1714 824 1784 sanguinariae
841 1717 947 1771 herbae
967 1735 1048 1771 sucus
1067 1720 1109 1770 te-

90 1795 176 1863 pidus
199 1795 327 1850 stillatus
350 1794 462 1850 aurium
481 1794 592 1849 dolores
611 1798 641 1849 et
663 1794 759 1849 ulcera
778 1803 867 1851 sanat.
905 1796 1052 1865 caprinum
1069 1795 1109 1849 fel

90 1876 142 1927 aut
159 1874 300 1930 bubulum
313 1891 348 1929 ex
362 1877 443 1929 aceto
457 1873 559 1929 tritum
572 1873 712 1930 infundes.
737 1874 866 1943 quamvis
881 1891 981 1944 graves
997 1874 1107 1928 dolores
1121 1887 1148 1925 ao

90 1957 182 2009 sanat.
192 1953 258 2007 rubi
266 1954 413 2009 tenerrimi
422 1971 505 2008 sucus
515 1970 619 2021 aquam
629 1953 664 2008 de
669 1953 785 2008 auribus
796 1956 826 2008 et
835 1953 961 2008 dolorem
970 1956 1107 2023 amputat.

89 2033 230 2087 fracturas
250 2033 362 2087 aurium
380 2036 483 2088 sanant
496 2032 578 2087 bulbi
592 2032 652 2087 triti
667 2033 795 2103 impositi
810 2036 839 2087 et
853 2035 932 2087 sexto
947 2033 993 2087 dic
1013 2033 1108 2088 soluti.

89 2130 199 2167 cannae
217 2113 318 2167 viridis
337 2130 420 2168 sucus
439 2112 553 2182 tepidus
571 2113 687 2167 auribus
701 2112 859 2167 instillatus
873 2112 945 2166 mira
962 2112 1108 2167 celeritate

89 2210 172 2247 aures
187 2195 278 2248 sanat.
308 2193 349 2247 sic
363 2192 505 2247 coriandri
518 2192 618 2246 viridis
634 2208 715 2246 sucus
735 2208 799 2245 cum
812 2191 896 2246 melle
910 2191 1014 2245 mixtus
1029 2191 1106 2246 facit.

89 2272 114 2326 si
139 2275 287 2341 apostema
310 2275 409 2327 natum
432 2272 464 2326 in
486 2271 602 2326 auribus
625 2272 723 2340 fuerit,
746 2271 824 2340 prius
849 2288 912 2324 cum
935 2270 1002 2324 lana
1026 2281 1147 2325 auresue

164 2397 285 2451 loclere
304 2415 326 2450 r.
399 2413 426 2464 p.
446 2413 472 2450 v,
492 2397 526 2463 cf.
548 2387 640 2450 Marc.
655 2414 686 2465 p.
706 2400 755 2462 50,
774 2399 819 2450 20.
916 2395 1066 2464 2explent
1083 2415 1106 2451 r.

88 2468 177 2522 herbe
196 2465 344 2539 millefolip
363 2485 386 2521 r.
478 2471 494 2519 6
513 2467 578 2521 hoec
595 2483 653 2521 noa
670 2473 767 2522 cctam
784 2468 816 2520 ia
834 2484 856 2520 r.
940 2466 1059 2521 stricilla
1078 2470 1106 2523 b:

88 2537 215 2607 strigiles
234 2557 256 2593 r.
286 2539 320 2605 cf.
345 2535 451 2606 strigili
477 2536 585 2591 ferreae
608 2537 732 2591 inditum
754 2555 799 2607 ap.
818 2537 910 2592 Marc.
926 2556 955 2607 p.
975 2543 1044 2605 102,
1062 2543 1105 2594 30.

87 2607 490 2734 {latiisstltllftltt
507 2612 625 2733 ru
643 2612 876 2733 clatra
894 2681 922 2733 t.
943 2609 1107 2735 ottffil·

87 2751 175 2822 edere
192 2769 215 2805 r.
297 2755 329 2803 14
350 2748 474 2804 stillatur
491 2767 513 2803 r.
606 2754 639 2802 15
658 2748 763 2803 locium
782 2752 811 2805 b:
830 2749 937 2803 lucium
954 2770 976 2806 r.
1050 2767 1106 2804 scr-

87 2823 157 2874 vato
178 2823 206 2874 ct
223 2839 246 2876 r.
320 2820 451 2875 celerer.
537 2825 570 2872 16
589 2819 689 2873 viridis
709 2837 791 2874 sucus
809 2839 832 2875 r.
923 2821 1046 2874 cannabi
1065 2838 1106 2874 se-

86 2891 165 2945 mine
184 2894 212 2947 b:
232 2907 322 2946 canna
342 2889 434 2944 viride
453 2888 559 2944 semine
579 2893 641 2958 (cic)
661 2909 683 2946 r.
702 2892 737 2958 cf.
758 2891 849 2945 Marc.
865 2895 1034 2960 p.107‚17.

88 2968 122 3015 17
144 2978 227 3015 sucus
246 2961 359 3030 tepidus
378 2981 401 3017 r.
489 2960 613 3034 berbenp
632 2980 654 3016 r.
735 2965 769 3014 18
788 2960 929 3014 stillatum
946 2979 969 3016 r.
1042 2977 1105 3013 san·

86 3032 246 3101 guinariae:
265 3035 300 3100 cf.
320 3033 409 3087 Marc.
421 3050 451 3101 p.
466 3035 529 3098 102,
542 3035 587 3086 26.
640 3037 673 3085 19
693 3030 748 3085 dol'
764 3034 788 3099 b,
809 3030 933 3085 dolorem
951 3048 973 3085 r.
1025 3035 1059 3082 20
1071 3047 1106 3083 ex

87 3121 140 3157 orn.
161 3105 184 3158 b.
277 3101 386 3156 infund’
406 3105 430 3171 b,
449 3101 520 3156 -de
538 3120 561 3157 r.
625 3118 742 3171 gravem
761 3101 887 3154 dolorem
904 3119 927 3155 r.
978 3106 1010 3152 21
1026 3100 1103 3154 rubi:

88 3175 124 3240 cf.
140 3174 232 3229 Marc.
245 3192 275 3243 p.
286 3177 350 3241 102,
360 3177 404 3228 33.
460 3173 541 3226 dolor
552 3175 614 3241 (sic)
626 3175 650 3240 b,
666 3170 791 3225 dolorem
799 3189 823 3225 r.
878 3176 912 3223 22
922 3169 1061 3223 fracturas
1075 3173 1103 3225 t:

890 3253 904 3281 0

86 3294 244 3349 fracturam
262 3316 285 3351 r.
396 3300 498 3352 sanant
516 3298 544 3351 b:
564 3297 644 3348 curat
663 3295 726 3362 (sic)
745 3311 768 3348 r.
876 3292 916 3346 VI
934 3295 962 3347 b:
983 3295 1062 3346 sexta
1080 3311 1103 3347 r.

88 3372 124 3418 23
143 3365 225 3419 virid’
242 3370 270 3422 b:
291 3367 362 3438 -de
380 3386 404 3423 r.
495 3365 657 3435 tepidus'b:
676 3381 727 3418 om.
745 3382 768 3418 r.
848 3361 973 3417 stillatus
992 3382 1014 3418 r.

88 3442 127 3488 24
149 3453 230 3491 aures
247 3440 276 3493 b:
292 3436 431 3506 'dolorem
453 3457 476 3494 r.
594 3440 628 3489 25
656 3436 725 3487 natu
752 3433 783 3486 in
810 3431 927 3488 auribus
950 3437 977 3489 b:
1005 3433 1105 3488 innata

87 3506 205 3561 auribus
215 3527 237 3563 r.
312 3506 399 3562 fuerit
416 3526 465 3564 om.
485 3527 507 3565 r.
