2392 3922
68 184 134 249 324
399 181 744 233 esnuno-Tnnonoar

68 360 132 397 mox
159 343 194 395 ab
223 357 256 394 eo
284 340 382 394 morbo
410 338 587 394 liberabitur.
616 337 667 391 alii
690 337 787 406 capita
804 329 858 390 XX
881 339 1005 390 contusa
1029 354 1092 391 cum

69 425 149 475 aceto
169 424 198 475 et
216 420 247 473 in
269 437 364 490 panno
388 420 506 473 inducta
523 417 670 487 imponito.
699 416 771 470 lotio
790 415 852 470 eius
876 415 927 484 qui
953 417 1036 472 dolet
1054 417 1092 470 ci-

67 518 162 555 nerem
186 499 341 553 cribratum
365 515 532 568 consperges
557 500 587 551 et
608 497 640 550 in
661 513 756 566 panno
780 494 907 550 calidum
930 495 1028 566 spleni
1051 497 1091 549 in-

70 582 185 634 ductum
205 579 318 648 saepius
341 578 489 647 imponito.
517 576 596 631 ebuli
614 576 740 631 radicem
762 576 906 630 contunde
931 579 961 630 et
981 576 1014 629 in
1031 577 1092 645 pul-

42 676 163 716 overem
181 660 315 713 redactae
334 658 474 713 coclearia
487 657 526 710 HI
545 674 580 711 ex
597 656 659 710 vini
677 655 769 725 cyatis
783 655 823 708 HI
842 655 873 708 in
892 655 995 711 limine
1016 659 1091 710 stans

68 756 119 808 per
132 739 259 792 triduum
272 739 364 805 bibat,
379 741 408 792 et
421 738 537 793 ebulum
551 736 611 791 sine
626 735 700 791 ferro
711 735 861 790 collectum
875 751 975 789 secum
988 740 1089 806 portet.

69 818 187 872 herbam
206 817 337 870 sabinam
356 834 390 871 ex
408 834 483 884 aqua-
502 816 539 869 ad
557 815 657 870 tertias
682 817 822 884 decoques
846 817 876 869 et
895 831 931 869 ex
950 833 1029 885 aqua
1048 835 1091 870 ca-

69 897 129 951 lida
149 896 267 951 calicem
284 897 412 966 plenum,
432 895 530 949 addito
550 896 697 965 quippiam
714 894 821 965 piperis
841 895 866 948 si
884 895 979 965 hiems
999 896 1091 963 fuerit,

69 995 119 1047 per
146 978 206 1032 dies
225 978 264 1030 Xl
282 977 328 1031 vel
347 976 425 1030 XVII
442 975 523 1044 potui
547 975 637 1031 dabis.
667 976 754 1030 bacas
782 975 858 1029 lauri
880 975 960 1043 XXI,
986 975 1091 1044 piperis

32 1078 57 1115 ιο
72 1076 161 1126 grana
179 1058 241 1112 LXI
264 1057 294 1110 in
313 1056 387 1110 aceti
408 1055 538 1109 acerrimi
556 1054 671 1109 hemina
693 1055 796 1123 mixta,
820 1058 850 1109 et
868 1072 903 1109 cx
927 1072 961 1110 eo
987 1056 1091 1110 cotidie

73 1139 185 1208 singula
209 1136 349 1191 coclearia
372 1135 466 1189 ieiuno
493 1135 575 1203 potui
598 1135 674 1190 dato.
703 1135 805 1189 laseris
830 1135 937 1189 radicis
966 1136 1092 1205 pulveris

72 1220 197 1272 cocleare
207 1219 228 1287 1,
248 1217 323 1271 aceti
337 1215 476 1270 coclearia
490 1215 523 1282 V,
537 1214 631 1269 mellis
646 1215 772 1269 cocleare
787 1215 807 1282 L
823 1214 920 1268 omnia
938 1216 1092 1269 commixta

70 1296 152 1366 potui
167 1298 242 1350 dato.
268 1295 399 1350 stercoris
414 1294 523 1363 caprini
540 1294 686 1363 pulverem
700 1295 731 1347 in
744 1294 811 1348 vino
824 1293 954 1363 misceto,
975 1311 1013 1349 ex
1027 1311 1091 1348 vase

71 1375 167 1444 picato
190 1375 272 1443 potui
299 1376 374 1429 dato.
403 1375 457 1427 hoc
480 1376 509 1427 et
537 1374 575 1428 ad
601 1390 701 1428 renum
724 1372 851 1427 dolorem
877 1374 1005 1442 prodest.
1031 1392 1092 1428 cnm

34 1471 59 1511 15
74 1471 166 1521 cuppa
185 1455 219 1507 de
238 1454 343 1507 hedera
363 1453 490 1521 quisquis
509 1453 661 1522 potaverit.
681 1454 717 1507 ab
738 1453 814 1507 omni
833 1452 941 1522 splenis
959 1454 1092 1508 molestia

71 1550 183 1586 securus
203 1531 370 1587 servabitur.
394 1532 491 1601 pulmo
505 1531 536 1585 in
550 1531 627 1586 fumo
643 1534 647 1603 l
666 1537 704 1602 (p.
714 1537 777 1602 114)
799 1532 921 1586 siccatus
942 1536 972 1587 et
986 1534 1019 1587 in
1032 1535 1092 1603 pul-

72 1628 167 1665 verem
184 1609 383 1664 mollissimum
401 1611 541 1678 redactus,
562 1614 591 1666 et
609 1628 644 1666 ex
658 1629 691 1666 eo
710 1611 820 1666 modice
839 1611 870 1664 in
886 1630 978 1681 pusca
998 1613 1092 1668 ieiuno

71 1690 152 1760 potui
172 1689 253 1745 dabis
274 1690 319 1743 die
339 1691 412 1744 Iovis
432 1689 500 1744 luna
523 1691 676 1745 minuente.
705 1695 733 1746 et
757 1695 790 1745 ut
811 1692 936 1760 potionis
961 1693 1093 1748 effectum

73 1770 196 1837 mireris,
223 1771 347 1840 porcello
373 1773 407 1826 de
431 1772 529 1825 eodem
552 1769 583 1823 in
601 1771 717 1839 potione
742 1772 809 1825 dato
832 1771 944 1840 bibere,
975 1776 1008 1827 et
1030 1777 1092 1843 post

32 1870 58 1908 20
75 1852 185 1907 occides
207 1868 278 1919 eum,
303 1850 429 1920 splenem
452 1854 502 1904 aut
519 1848 629 1902 nullum
653 1853 704 1904 aut
727 1851 796 1905 satis
814 1868 936 1918 parvum
954 1851 1091 1907 invenies.

74 1932 169 1986 salicis
188 1930 289 1984 viridis
303 1930 373 1984 folia
387 1947 451 1983 cum
464 1928 575 1983 modico
591 1929 649 1983 sale
666 1930 818 2000 diligenter
831 1930 909 1999 trita,
929 1931 960 1984 in
976 1935 1092 1986 modum

73 2011 220 2082 emplastri
245 2027 328 2079 super
351 2009 477 2078 splenem
498 2009 663 2078 impositum
685 2012 808 2080 prodest.
838 2011 862 2064 si
886 2015 984 2066 autem
1009 2013 1091 2067 citius

74 2095 103 2145 et
126 2091 238 2161 plenius
262 2106 359 2143 curare
384 2089 518 2158 volueris,
548 2088 667 2143 cortices
693 2090 792 2144 viridis
816 2090 911 2144 salicis
939 2091 1092 2161 diligenter

74 2174 173 2225 tunsas
192 2171 223 2225 in
242 2170 326 2225 melle
346 2171 493 2238 decoques,
513 2171 595 2223 etex
614 2186 647 2224 eo
667 2170 721 2223 duc
741 2170 881 2224 coclearia
895 2170 993 2225 ieiuno
1013 2190 1092 2241 prae-

32 2268 58 2306 as
73 2251 163 2305 bebis.
192 2269 278 2305 cornu
302 2250 408 2305 cervini
437 2249 576 2304 combusti
600 2249 722 2303 cinerem
745 2267 780 2304 ex
803 2253 884 2304 aceto
907 2250 991 2318 potui
1017 2254 1091 2307 dato.

73 2330 199 2398 lapidem
226 2332 351 2398 gagaten
378 2330 514 2383 accendes
538 2333 567 2383 et
591 2329 622 2384 in
652 2333 764 2384 acetum
792 2329 901 2398 mittes,
931 2333 961 2384 et
989 2332 1092 2386 exinde

72 2408 205 2461 calefacti
225 2409 307 2461 dabis
321 2408 347 2461 V
366 2408 479 2477 singula
505 2409 652 2478 coclearia,
681 2410 772 2479 bibat,
796 2413 825 2464 et
848 2410 942 2478 ipsum
965 2410 1093 2481 lapidem

71 2487 102 2538 in
132 2485 228 2554 splene
260 2503 312 2554 per
347 2486 473 2540 triduum
509 2488 660 2557 alligatum
697 2489 811 2544 habeat.
850 2489 1031 2544 diatessaron
1063 2492 1093 2545 in

71 2565 186 2617 modum
209 2565 359 2618 abellanae
382 2566 462 2633 potui
489 2584 553 2621 cum
572 2569 695 2637 oxymeli
719 2570 794 2624 dato.
822 2572 948 2639 gagaten
971 2570 1002 2624 in
1026 2572 1092 2625 vinc

32 2663 57 2702 30
73 2644 211 2711 decoques
231 2644 267 2696 ad
286 2644 401 2710 tertias,
420 2649 449 2698 et
468 2646 558 2702 bibat.
578 2649 682 2718 leporis
700 2649 779 2703 iecur
797 2649 914 2702 crudum
932 2649 1049 2718 glutiat,
1068 2651 1093 2704 si

72 2723 115 2776 vir
135 2724 169 2776 de
187 2723 329 2793 masculo,
350 2724 374 2777 si
392 2725 499 2780 femina
519 2729 553 2782 de
572 2728 686 2784 femina.
715 2728 858 2799 accipitris
877 2728 955 2782 iecur
973 2731 1092 2784 crudum

72 2803 185 2873 glutiat.
201 2803 322 2856 vulturis
332 2803 410 2858 iecur
419 2806 537 2860 crudum
547 2824 611 2860 cum
621 2809 758 2877 sanguine
768 2810 843 2864 edat.
862 2809 1093 2878 potentissimum

74 2887 117 2938 est
135 2883 239 2938 herbae
258 2884 399 2938 verbenae
417 2885 468 2938 flos
488 2887 547 2940 sine
567 2887 641 2941 ferro
660 2888 812 2956 collectus,
831 2889 919 2942 libras
938 2889 1024 2943 IIIIS
1045 2890 1091 2943 de-

147 3050 235 3107 labo
255 3056 278 3107 b.
378 3058 496 3108 contusa
515 3058 539 3110 b.
635 3053 787 3106 amductn
806 3055 829 3106 b.
921 3057 993 3111 lotifi
1014 3061 1037 3113 b.
1057 3060 1090 3125 cf.

76 3126 167 3179 Marc.
183 3143 213 3193 p.
228 3129 293 3191 237,
308 3129 351 3179 32.
426 3129 455 3179 et
474 3127 595 3179 cinerem
614 3126 637 3178 b.
710 3125 909 3193 3c0nspergis
924 3129 947 3181 b.
1008 3129 1090 3182 4he-

75 3195 137 3248 buli
151 3198 173 3249 b.
194 3197 228 3262 cf.
249 3197 338 3250 Marc.
354 3214 384 3264 p.
399 3201 463 3263 237,
478 3203 513 3251 15
529 3199 604 3263 (235,
618 3197 675 3259 32).
802 3200 817 3246 5
836 3196 953 3250 redacta
973 3201 997 3253 b.

76 3271 110 3317 10
129 3265 227 3319 mixtu.
247 3268 276 3318 et
295 3282 329 3319 ex
348 3283 381 3320 eo
401 3269 416 3320 b
437 3269 487 3334 (sic
504 3270 603 3334 saepe).
666 3268 707 3342 ,11
727 3263 873 3330 pulverem
892 3269 915 3320 b.
973 3275 1006 3322 13
1025 3271 1091 3323 mis-

76 3335 141 3390 cito.
162 3340 191 3389 et
209 3355 235 3390 v.
256 3339 279 3390 b.
341 3342 374 3390 19
394 3337 428 3390 de
448 3337 548 3391 eadem
566 3335 596 3389 in
612 3336 727 3403 potione
741 3336 804 3401 (sic)
820 3339 843 3390 b.
859 3339 891 3391 de
909 3343 1091 3406 experimento

75 3408 110 3470 cf.
130 3424 215 3474 supra
236 3409 312 3473 (aas).
375 3413 409 3459 23
428 3405 482 3460 vol’
504 3410 527 3461 b.
587 3403 698 3458 corticis
717 3405 739 3456 b.
797 3411 830 3458 25
851 3406 929 3460 cinis.
950 3415 1090 3466 ex...b.

75 3480 110 3525 26
121 3478 287 3530 accend1sb.
343 3476 395 3529 cal'
411 3477 522 3531 factrib.
571 3483 605 3531 27
615 3473 664 3530 bib
676 3476 698 3528 b.
751 3479 783 3526 28
803 3475 915 3546 insplen
929 3480 1092 3550 b(utsuper

77 3543 268 3615 splen‘lletc.).
305 3546 381 3601 Diat.
399 3550 403 3615 Ι
420 3550 443 3601 b.
481 3546 680 3601 290ximelleb.
719 3543 836 3601 eobibb.
871 3549 1088 3618 31aucipitrisl).
