2392 3922
18 157 21 160 ’
121 161 188 225 220
433 159 622 211 unnononr
639 159 820 211 Pnrscmru

122 329 202 387 enim
230 344 333 387 sumus
370 325 448 404 quod
476 324 613 404 plerique
645 342 680 384 ea
712 325 828 384 cautius
856 322 892 383 ab
926 325 1013 384 initio
1043 331 1140 385 custo-

122 417 237 476 dientes
259 413 407 494 podagrae
430 420 573 474 uenturae
605 431 659 473 seu
681 414 781 492 potius
805 415 864 472 iam
887 414 1057 492 praesentis
1081 415 1142 473 vio-

120 503 242 564 lentiam
274 506 450 563 yitaverunt.
502 502 715 582 praeiudicatis
747 519 818 561 vero
851 503 910 562 iam
942 508 1079 580 tempore
1113 509 1141 561 et

121 593 288 653 manifestis
311 591 481 671 podagricis
504 589 763 670 cataplasmatibus
786 608 907 669 semper
925 592 956 649 in
975 589 1023 650 his
1043 592 1143 650 causis

95 680 311 761 sappetendis,
338 682 499 758 unguentis
527 697 647 758 quoque
674 678 721 738 uel
750 677 919 758 emplastris
950 697 1005 739 seu
1034 682 1143 739 ceteris

122 769 279 830 adiutoriis
307 770 459 829 consuetis
487 771 532 829 uti
564 769 676 828 rectius
709 774 768 848 est,
800 765 848 827 vel
880 774 960 827 certe
993 766 1143 846 aliquibus

123 857 224 936 lysicis
248 876 354 936 magna
378 875 497 936 semper
523 864 669 936 potestate
692 854 922 935 praestantibus.
968 874 1049 917 nunc
1072 875 1142 916 vero

122 948 281 1006 transactis
299 948 467 1025 praeceptis
485 945 533 1005 vel
551 944 706 1005 beneficiis
729 943 893 1024 catholicis,
915 944 1026 1024 quibrn
1045 952 1143 1006 custo-

124 1035 195 1095 ditis
224 1036 313 1095 etiam
346 1034 493 1095 adiutoria
521 1033 646 1112 singidis
673 1032 810 1112 partibus
838 1031 1042 1093 laborantibus
1065 1034 1142 1093 ordi-

83 1139 109 1178 ro
123 1123 209 1184 nabo.

71 1209 134 1274 117
214 1211 384 1273 ischiadicis
417 1213 598 1271 conveniunt
628 1211 802 1289 frequentes
831 1212 960 1271 vomitus
988 1217 1019 1270 et
1045 1218 1143 1272 cetera

125 1307 284 1380 praecepta
308 1301 441 1371 omniurn
469 1302 666 1379 superiorum.
713 1317 802 1359 coxae
831 1317 900 1359 vero
925 1299 1039 1361 dolenti
1065 1299 1143 1360 fotus

127 1388 185 1448 olei
213 1389 338 1467 sicyonii
366 1390 457 1448 rutati
487 1387 531 1447 vel
558 1387 668 1448 laurini
696 1386 881 1448 adhibendus
910 1395 969 1468 est,
1001 1387 1144 1468 cataplas-

126 1482 205 1536 mata
238 1495 356 1555 quoque
388 1483 492 1536 natura
526 1476 676 1536 calidiora.
727 1475 891 1536 cucurbitis
921 1479 1054 1537 ventosis
1087 1478 1146 1536 fre-

86 1579 112 1619 15
127 1571 254 1643 quenter
268 1564 351 1625 locus
366 1564 542 1625 relevandus
561 1571 615 1624 est.
635 1563 787 1624 acerbiore
807 1563 934 1644 clystere
953 1566 1145 1626 iniciendum.

125 1654 173 1713 his
196 1652 374 1714 flebotomus
392 1656 424 1712 in
442 1652 501 1713 talo
526 1652 710 1713 adhibendus
731 1659 783 1713 est.
820 1671 856 1713 ex
879 1653 935 1714 hoc
954 1657 1067 1715 etenim
1088 1655 1144 1714 ire-

79 1813 81 1817 4
127 1749 254 1821 quenter
273 1744 393 1821 sanguis
412 1749 589 1821 provocatus
608 1742 786 1802 ischiadicos
805 1742 949 1803 liberavit.
985 1742 1145 1822 vaporibus

127 1830 174 1890 vel
198 1830 332 1891 saccellis
360 1831 575 1891 imminendum
598 1837 644 1890 est
672 1849 708 1890 ex
735 1830 835 1909 puleio
860 1825 976 1892 salibus
992 1830 1039 1890 vel
1061 1829 1143 1891 milio

194 2043 214 2090 -1
240 2037 375 2106 plerisque
393 2055 424 2107 p,
448 2039 496 2106 qni
518 2037 681 2091 transitori
708 2053 767 2106 cap.
788 2039 955 2105 praecedens
972 2039 1002 2106 (s.
1017 2040 1080 2107 110)
1104 2039 1144 2092 sic

123 2124 240 2230 Pffiyem
257 2107 507 2248 prpvopptsbyrrirpa
521 2106 551 2160 in
565 2106 684 2232 aquaBin
698 2106 1066 2247 quanerotyuuCrpt·l1{atdices3
1075 2107 1145 2233 feni}

128 2193 385 2233 corumecc
435 2196 496 2234 ar..
570 2195 637 2232 ear
672 2194 729 2233 :ec
822 2194 871 2232 aec
919 2196 969 2234 e..
1121 2197 1133 2233 s

127 2243 291 2302 mtaverunt
312 2251 378 2304 baec
402 2251 482 2304 adolii
502 2250 517 2303 b
537 2251 660 2320 (reliqnis
677 2266 761 2318 usqne
780 2250 818 2303 ad
835 2267 859 2304 a.
875 2254 909 2303 11
929 2248 1060 2305 Sciaticis
1079 2196 1143 2304 goon-

126 2317 245 2372 ueniunt
263 2321 390 2388 anissis):
414 2319 494 2373 Licet
510 2320 564 2374 hec
582 2318 725 2373 adiutoria
748 2319 927 2374 fenomeno
950 2320 1042 2375 libro
1061 2320 1145 2375 huius

127 2389 303 2458 egritudinis.
328 2407 448 2459 quarum
470 2389 594 2444 efficatia
617 2389 725 2459 experti
744 2407 839 2443 sumus
860 2390 952 2445 multa
975 2391 1146 2446 tradidimus

126 2476 200 2513 nunc
219 2460 254 2514 de
273 2460 397 2515 sciaticis
417 2461 549 2515 conuenit
566 2460 674 2515 docere.
703 2479 772 2530 puae
790 2463 995 2531 interpolatoris
1007 2463 1092 2518 rerba
1110 2465 1147 2518 ad

126 2532 350 2600 interpolatorem
372 2534 552 2601 spectaverint
574 2534 606 2586 in
628 2533 682 2600 fine
704 2533 884 2599 saenonrenon
907 2534 973 2587 iibri
998 2533 1037 2586 ad
1058 2534 1146 2602 poda-

127 2617 208 2670 gram
236 2604 265 2655 et
296 2604 435 2656 tumorem
466 2603 571 2673 pedum
603 2604 723 2658 remedia
749 2605 837 2657 rnnlta
868 2610 1052 2674 conperentern
1075 2606 1144 2672 (cod.

128 2673 251 2727 Beroiin.
267 2690 297 2742 p.
314 2677 441 2743 70—71).
532 2672 735 2742 praeiudicatis
755 2674 827 2729 θρῖα
846 2672 1056 2744 preiudicantes
1082 2676 1147 2743 VB,

128 2742 255 2797 -cantis
275 2743 429 2814 (temporis)
446 2763 469 2798 r.
603 2751 666 2814 past
682 2746 809 2814 tempore
828 2747 894 2800 crdo
912 2747 944 2799 in
968 2745 994 2799 V
1016 2748 1148 2815 confnsns

128 2815 269 2870 aerbornnt
287 2833 306 2868 a
323 2823 409 2870 cetere
427 2822 575 2870 correctore
593 2817 736 2871 restitntns
753 2823 793 2870 est
810 2818 855 2884 (=
869 2816 915 2885 Β).
999 2822 1014 2870 5
1035 2833 1149 2885 qnoque

128 2883 175 2938 vel
192 2883 359 2954 inplaustris
373 2903 424 2941 on.
440 2887 468 2940 V
479 2888 535 2954 (sed
552 2889 625 2942 inter
643 2888 692 2942 lin.
711 2888 800 2956 sappi.
820 2893 870 2941 oet.
890 2889 979 2956 carrd.
1054 2893 1070 2942 8
1085 2886 1148 2956 qui-

128 2956 182 3009 bus
202 2956 363 3010 custoditis:
382 2959 422 3012 sie
440 2973 537 3012 nones.
630 2965 660 3011 11
681 2955 842 3025 frequentes
861 2957 897 3012 rb
909 2957 981 3012 Get:
1000 2973 1069 3026 prae
1089 2975 1147 3012 orn-

129 3026 214 3080 nibus
236 3027 299 3082 VB.
391 3033 425 3081 12
445 3029 474 3081 et
493 3027 588 3081 omnia
607 3044 691 3097 supra
710 3026 788 3080 dieta
806 3026 949 3080 adiutoria
968 3029 992 3085 b.
1069 3028 1149 3082 fotus

129 3099 232 3153 ridel:
251 3101 334 3167 potus
348 3098 404 3153 VB
419 3098 488 3167 (foto
507 3099 569 3153 oleo
589 3116 610 3154 s.
629 3098 675 3152 vel
692 3114 714 3152 r.
734 3098 784 3149 aut
801 3095 820 3150 l.
841 3098 874 3166 b).
949 3104 983 3152 15
1003 3099 1149 3154 acerbiore

130 3168 279 3236 (aceruiori
296 3171 323 3238 r)
342 3168 454 3223 clistere
472 3171 561 3225 rVB:
582 3168 708 3224 acerbior
725 3166 830 3234 clyster
848 3166 940 3235 (eliste
959 3171 986 3238 b)
1006 3171 1089 3226 caet.

129 3238 287 3293 iniciendus
302 3240 335 3308 V,
355 3241 457 3294 —dum
466 3242 502 3309 B,
521 3240 608 3293 —dus
623 3241 667 3294 est
680 3237 780 3293 rbGel.
833 3244 866 3291 16
885 3238 1148 3296 his-adhibendus

130 3310 185 3363 est:
204 3312 270 3365 baec
287 3313 369 3366 cerba
395 3329 464 3381 qnae
482 3317 546 3381 post
563 3308 696 3364 liberavit
717 3308 817 3361 babent
834 3308 992 3378 rVBGei.,
1015 3328 1066 3366 sno
1090 3314 1148 3368 loeo

129 3382 239 3434 restitni
247 3398 280 3434 en
289 3383 346 3436 solo
356 3383 421 3451 b(cf.
430 3383 492 3437 Gai.
499 3383 556 3449 XI,
563 3384 626 3435 305.
643 3379 709 3446 XV,
717 3381 778 3433 130.
789 3378 878 3447 Hipp.
884 3380 927 3447 ΙΙ,
934 3386 999 3436 522.
1012 3381 1148 3439 Gaeicbr.

131 3453 156 3514 5,
171 3453 209 3503 23
228 3453 296 3518 etc),
313 3454 362 3519 qni
376 3454 469 3522 perpit
486 3451 529 3504 Ex
546 3451 600 3505 hoc
618 3449 693 3504 enim
710 3447 772 3501 loeo
791 3448 908 3517 sanguis
926 3468 967 3520 pr.
988 3468 1055 3522 sepe
1075 3453 1148 3508 scia-

128 3517 200 3572 ticos
218 3518 360 3575 liberavit.
432 3520 536 3574 etenim
548 3521 650 3577 Van:
669 3519 744 3573 enim
757 3519 801 3573 rB
816 3521 861 3587 (ex
874 3519 928 3574 hcc
942 3521 1018 3575 enim
1032 3522 1095 3578 loco
1111 3526 1146 3594 b).
