2392 3924
141 181 208 245 444
547 181 752 235 VINDICIANI

177 343 233 409 (16)
262 339 339 406 quod
366 337 498 392 similiter
528 337 653 392 feminae
715 341 771 408 (16)
781 337 914 392 similiter
928 338 958 391 ct
966 336 1070 391 femine
1078 334 1151 391 testi·

142 411 216 463 sicut
239 409 294 463 riri
318 409 471 463 continent.
497 408 540 463 ita
563 411 596 463 et
611 408 651 463 fc·
680 408 738 463 culi
761 411 827 464 sunt
855 407 941 462 sicuti
966 409 997 463 et
1020 407 1082 462 viri
1099 406 1152 462 sed

141 480 217 534 mine
245 497 317 548 quae
345 480 434 534 habet
461 479 652 534 testiculus
679 479 802 535 minores
813 482 842 534 et
851 478 1004 533 molliores.
1020 479 1084 533 ideo
1093 495 1152 559 qup-

142 550 264 618 denique
282 550 403 620 parandi
421 550 498 605 viris.
526 551 653 604 sednon
680 567 799 620 cumque
822 549 930 605 femina
952 566 1041 620 prope
1060 548 1151 604 similis

142 622 202 703 eius
213 621 421 745 conpositiones
431 621 652 745 hapentelsfficut
678 622 812 748 habuffi’t
830 619 979 745 testiculcfis
993 621 1082 746 ussulir
1098 619 1152 690 ipse

141 711 210 746 vins
234 709 263 746 sc
307 708 428 746 minores
453 709 468 746 e
508 709 554 745 mo
590 708 652 746 ores
678 710 758 748 mens
807 709 855 747 ose
878 708 896 745 a
937 708 952 746 e
976 709 1015 746 an
1062 736 1068 747 .
1095 707 1150 746 con-

142 765 213 817 adeo
229 780 246 817 a
261 763 431 831 quibusdam
446 762 570 817 calidam
588 765 618 817 et
634 779 652 816 a
680 767 738 819 stat
768 781 835 834 ergo
867 708 936 816 αξξ)
957 763 1069 818 ratione
1099 776 1151 816 esse

142 834 314 902 quibusdam
331 835 410 888 iuras
426 833 565 888 dicuntur.
585 850 650 889 oon·
678 835 748 890 viris
777 837 807 890 et
833 833 947 889 femine.
981 835 1034 889 sed
1061 832 1150 888 mulier

143 907 201 959 stat
224 922 291 975 ergo
314 923 371 959 una
395 905 505 959 ratione
532 921 593 959 esse
611 904 651 958 fe·
679 905 794 975 quidem
811 905 899 960 vulva
917 905 1015 961 habet.
1035 908 1064 960 et
1080 903 1150 959 testi·

141 976 226 1030 minis
247 980 275 1032 et
298 976 431 1030 masculis
451 977 501 1030 sed
519 974 651 1030 mulieres
679 976 737 1032 culi
750 977 917 1047 nostri(n'ri)
927 976 1041 1046 tunicas
1055 976 1150 1030 habent

142 1047 250 1102 habent
282 1047 413 1102 similiter
445 1065 509 1101 cum
539 1046 651 1101 tunicas
679 1051 822 1117 quattuor.
840 1048 935 1118 prima
954 1065 1011 1119 qup
1035 1045 1147 1116 appella·

143 1122 285 1186 quattuor.
311 1119 403 1188 prima
427 1117 589 1187 appellatur
611 1117 652 1172 fe·
678 1122 810 1189 tursyco.
821 1119 947 1174 secunda
957 1117 1066 1174 solidis.
1075 1115 1148 1172 tertia

142 1206 215 1244 reco.
236 1190 367 1245 secunda.
387 1189 478 1243 facon.
493 1189 587 1243 tertia.
603 1205 651 1258 pe·
678 1190 843 1261 peritorion.
863 1192 967 1259 quarta
986 1192 1082 1244 autem

141 1260 276 1315 refenion.
296 1263 398 1329 quarta
417 1259 590 1330 genuissima
608 1277 651 1314 ar-

143 1348 191 1385 cus
211 1330 360 1400 apellatur.

178 2040 233 2107 (17)
262 2036 394 2090 similiter
424 2036 528 2090 vulva
559 2035 651 2105 prima

142 2108 221 2162 cuius
232 2108 380 2162 subiacent
388 2107 553 2161 membrana
565 2106 652 2161 vulva

142 2178 192 2247 qui
219 2178 346 2233 continet
369 2178 445 2232 facto
471 2178 547 2245 quod
573 2175 651 2246 greci

142 2249 253 2304 cincion
268 2250 371 2319 oulpon
380 2250 491 2303 vocant.
506 2265 573 2302 nam
582 2264 650 2316 quo·
714 2251 769 2318 (17)
788 2247 924 2302 folliculis
944 2248 999 2303 hoc
1020 2252 1064 2304 ast
1082 2262 1147 2302 vere·

141 2321 225 2375 modo
245 2323 288 2374 est
302 2318 422 2374 masculi
437 2321 547 2373 deretro
567 2319 651 2373 sicet
678 2319 826 2374 trumviri.
845 2319 886 2373 sic
897 2322 942 2374 est
961 2319 1147 2375 eollummitrc

141 2391 225 2445 vulve
258 2391 369 2445 collum.
403 2389 477 2444 siout
508 2389 651 2444 minuetur
679 2407 743 2444 cum
760 2390 851 2444 tribus
875 2389 1074 2446 foraminibus.
1094 2406 1147 2460 por·

142 2462 224 2515 adest
251 2462 336 2534 vulve
359 2460 529 2515 naturaliter
546 2460 648 2514 mollis.
678 2461 781 2531 rigitur
802 2462 839 2516 ad
857 2461 977 2530 longum
1003 2462 1083 2533 virge
1107 2475 1148 2530 per

142 2534 254 2585 constat
266 2534 362 2585 autem
375 2531 510 2585 tuniculis
524 2530 650 2584 firmissi-
678 2550 764 2601 quam
777 2531 890 2604 venerip
909 2550 978 2586 usus
997 2533 1148 2603 percipitur.

141 2601 194 2655 mis
219 2601 293 2655 sicut
316 2602 425 2655 duabus
452 2601 600 2657 extensior.
621 2605 650 2657 et
955 2602 958 2607 ’

141 2688 260 2726 carnosa
279 2675 329 2726 est.
352 2675 380 2726 et
399 2689 517 2727 carnosa
531 2672 650 2727 interior

141 2746 171 2798 et
188 2759 309 2798 nervosa
322 2742 393 2797 haec
408 2744 587 2813 superposita
606 2746 650 2798 est

142 2814 251 2869 dneeta
269 2813 406 2869 intestina
429 2814 584 2869 diuscervis
603 2813 650 2868 vel

142 2885 238 2955 capita
255 2885 347 2939 tribus
369 2902 420 2955 per
446 2903 516 2953 quas
535 2884 649 2939 forami-

139 2957 224 3010 nibus
242 2959 408 3026 porregetur
425 2974 514 3024 usque
533 2956 570 3010 ad
587 2955 649 3009 lon-

140 3045 208 3097 gum
235 3028 343 3098 inque(i
370 3027 489 3098 cornuis
518 3025 648 3081 venerias

139 3098 263 3168 perfice&
282 3101 415 3168 rosaltur.
