2392 3922
91 208 157 274 374
317 210 594 264 aurmoranmu
610 210 882 265 nnmmnusn

89 419 230 495 purgatae
262 411 293 471 id
321 419 367 471 est
397 411 481 472 bulbi
512 413 618 491 prunis
649 413 818 472 minutatim
849 413 925 472 secti
947 381 968 489 b
987 411 1013 493 l,
1045 414 1103 472 vini

90 502 215 563 aminaei
233 502 428 561 vetustissimi
448 502 593 561 sextarios
611 499 659 560 III.
683 503 714 560 in
732 499 816 561 fictili
833 499 1043 579 pertriduum
1060 503 1103 561 in-

89 589 189 651 fundis
208 596 238 648 ct
256 608 306 649 vas
326 589 373 649 die
393 595 498 667 quarto
517 589 582 650 foco
601 587 662 649 leni
684 591 804 669 inponis
822 595 853 649 et
870 591 976 668 coquis
996 608 1102 670 quous-

90 697 146 759 que
169 680 272 738 vinum
295 677 331 738 ad
354 679 457 738 tertias
480 679 586 738 veniat.
613 677 729 738 sublato
751 696 821 738 vase
843 676 881 738 de
904 678 982 759 loco,
1003 682 1103 758 partes

90 766 213 846 squillae
235 768 347 847 proicis
371 785 540 847 expressas,
564 784 669 827 sucum
691 785 761 827 vero
785 768 879 826 vitreo
903 766 1046 828 servabis.
1069 775 1134 828 ext

88 857 145 917 hoc
169 856 286 935 quando
310 874 384 935 opus
407 856 497 916 fuerit
516 857 698 934 quartarium
721 855 884 935 hydropico
907 857 1009 916 ieiuno
1029 856 1103 917 cale·

89 946 200 1007 factum
223 945 315 1006 dabis.
346 943 420 1005 locis
447 952 546 1004 autem
573 943 684 1004 deforis
711 943 897 1004 tumentibus
920 951 972 1005 aut
994 945 1102 1005 inflatis

90 1043 140 1096 aut
167 1053 271 1095 umore
296 1032 393 1114 plenis
421 1040 536 1093 stercus
559 1031 703 1093 bubulum
726 1051 795 1094 cum
817 1033 899 1093 faece
923 1036 1002 1095 aceti
1024 1053 1103 1095 reso·

89 1123 184 1185 lutum
209 1126 304 1202 spisse
324 1121 435 1182 amabis
458 1130 519 1182 tam
537 1120 589 1182 diu
612 1139 766 1200 quousque
790 1120 827 1181 ad
849 1120 1004 1201 limpidam
1028 1125 1103 1184 sani-

89 1220 181 1273 tatem
208 1214 350 1291 patlentia
378 1211 442 1272 loca
473 1210 628 1290 perducas.
662 1227 732 1270 sane
759 1209 796 1270 de
830 1228 902 1270 suco
929 1214 1032 1290 priore
1060 1220 1103 1272 ter
1113 1218 1132 1261 ¹⁰

90 1300 222 1378 singulos
242 1302 408 1378 quartarios
431 1297 525 1380 dabis,
548 1299 578 1359 id
597 1306 644 1359 est
661 1298 759 1359 triduo
778 1300 961 1360 intermissis
980 1300 1102 1380 singulis

89 1387 202 1448 diebus.

36 1472 77 1534 39
176 1474 1102 1558 Adhydropem,quamfrequenterexperimentavitEuga·

88 1565 178 1623 mius
202 1563 355 1623 conlectio.
380 1562 509 1623 columbi
532 1567 658 1641 agrestis
681 1567 740 1624 vivi
771 1567 882 1644 integri
905 1585 974 1627 cum
996 1570 1102 1646 pennis

89 1654 151 1713 suis
183 1653 281 1712 exusti
312 1653 344 1711 in
381 1650 437 1711 olla
473 1651 558 1712 fictili
590 1654 622 1712 in
655 1656 773 1714 cineres
809 1657 955 1736 conversi,
989 1674 1026 1716 ex
1058 1657 1134 1716 blsrt

89 1748 231 1822 quantum
253 1740 349 1804 tribus
373 1740 473 1819 digitis
497 1740 596 1801 levare
618 1745 769 1823 potueris,
797 1748 827 1802 et
848 1742 959 1804 herbae
984 1744 1101 1806 sabinae

87 1839 191 1892 tunsae
229 1829 398 1890 cribellatae
434 1829 623 1910 tantundem,
664 1839 694 1891 et
735 1849 853 1892 murrae
889 1831 1102 1914 troglodyticae

89 1928 230 2000 quantum
258 1919 313 1979 tibi
339 1918 501 2000 videbitur,
528 1921 560 1979 in
582 1920 643 1979 vini
665 1922 742 1980 meri
765 1921 821 1980 afri
848 1920 984 1982 calefacti
1011 1925 1102 2003 epatis

88 2009 203 2071 duobus
226 2011 325 2070 ieiuno
353 2009 467 2086 digesto
495 2008 657 2069 bibendum
680 2008 772 2069 dabis
800 2011 897 2088 primo
926 2018 1028 2071 tamen
1056 2012 1101 2072 die

88 2101 196 2159 sentiet
217 2099 395 2159 beneficium
417 2099 557 2179 potionis,
579 2099 620 2157 ita
638 2105 672 2158 ut
689 2116 744 2177 per
762 2099 880 2158 ruinam
899 2101 973 2159 satis
995 2103 1100 2162 mittat.
1112 2116 1133 2156 1ο

87 2188 137 2247 alii
160 2189 307 2266 incipiunt
330 2186 428 2246 subito
452 2193 482 2246 et
504 2205 558 2265 per
581 2205 669 2267 nares
692 2189 828 2247 emittere
851 2205 995 2250 umorem.

33 2271 77 2335 40
176 2275 224 2335 Ad
256 2276 416 2335 dolorem
448 2277 588 2335 ventris
621 2283 656 2335 et
687 2275 727 2335 ad
759 2278 955 2336 tortionem
988 2281 1102 2358 experi-

87 2371 251 2424 mentatum
275 2383 290 2423 a
314 2363 491 2424 Cornelio.
516 2363 724 2445 calaminthae,
751 2382 820 2424 nam
848 2366 892 2425 sic
920 2372 966 2425 est
993 2366 1102 2428 herbae

88 2470 205 2531 nomen,
228 2451 319 2529 puleii
343 2453 415 2511 sicci
439 2454 502 2511 sine
523 2452 613 2533 lumo,
636 2452 819 2533 petroselini,
841 2452 972 2531 ligustici
996 2458 1102 2516 unciae

88 2538 228 2616 singulae.
258 2538 394 2619 siseleos,
422 2541 482 2618 apii
506 2543 643 2622 seminis,
670 2541 817 2622 zingiber,
840 2544 985 2624 iuniperi,
1008 2544 1102 2624 thymi
1115 2556 1134 2600 11

87 2628 218 2707 hispani,
250 2629 363 2706 piperis
396 2627 472 2705 quod
507 2629 539 2687 in
570 2648 628 2690 usu
660 2638 707 2690 est
732 2634 838 2692 unciae
871 2629 973 2711 binae,
1006 2632 1102 2694 mellis

89 2718 191 2797 optimi
217 2715 383 2794 despumati
411 2724 554 2794 quantum
577 2719 633 2779 tibi
659 2718 785 2800 videtur.
813 2721 911 2780 omnia
938 2720 1012 2783 haec
1036 2729 1102 2782 tun·

89 2808 213 2886 duntur,
242 2803 435 2866 cribellantur
458 2807 542 2866 etin
564 2807 652 2868 melle
676 2808 849 2888 despumato
873 2803 1101 2889 coniunguntur.

90 2903 274 2976 reponuntur
297 2896 328 2953 in
351 2896 436 2955 vitro.
464 2896 675 2973 quandovero
700 2915 774 2974 opus
798 2906 857 2978 est,
884 2900 915 2957 in
938 2917 1031 2977 aquae
1056 2919 1102 2961 ca·

162 3163 173 3208 1
200 3154 282 3208 bulbi
304 3154 430 3228 prudilus
454 3152 635 3208 inminiutatd
657 3150 727 3207 foebi
751 3152 814 3219 (sic)
838 3153 874 3208 Β.
894 3155 986 3222 (erudi
1008 3157 1100 3212 minu-

89 3225 174 3279 tatim
197 3224 303 3279 concisi
327 3227 386 3295 ed).
405 3227 440 3293 cf.
459 3225 552 3280 Diosc.
568 3231 602 3291 2,
618 3227 683 3279 202.
703 3223 778 3276 Peto.
792 3224 843 3289 20,
859 3228 877 3278 9
894 3241 915 3278 e.
935 3231 980 3282 39.

89 3296 230 3351 naminei
248 3298 276 3350 Β
367 3295 460 3350 31eui
478 3296 514 3350 Β,
606 3293 731 3348 8faeee:
750 3294 830 3374 peste
848 3294 944 3366 (aceti)
963 3298 992 3351 Β
1011 3303 1103 3369 (parte

89 3383 157 3421 coer.
176 3369 237 3433 ed).
310 3366 486 3433 9amabis(
504 3365 589 3433 ')B.
677 3370 789 3418 14111111
809 3366 918 3435 (sic)B
937 3370 1019 3434 (corr
1039 3375 1102 3439 ed).

90 3441 124 3488 17
140 3437 234 3489 mirrae
252 3437 379 3491 troolitas
398 3438 433 3492 Β.
489 3441 523 3489 23
542 3434 700 3490 calaminee
718 3435 746 3488 Β
764 3439 844 3493 (corr.
865 3439 927 3504 ed).
982 3438 1103 3499 herbae:

87 3522 123 3559 ec.
141 3508 261 3575 nepetae
282 3507 366 3578 Gorg.
381 3509 407 3574 I,
421 3510 467 3563 23.
540 3510 576 3560 24
593 3504 712 3560 libistiei
729 3505 765 3560 Β.
839 3523 934 3562 semen
947 3507 983 3563 Β.
1039 3513 1103 3581 gin.

88 3574 169 3646 giber
185 3577 221 3630 Β.
294 3576 378 3630 thimi
396 3577 478 3646 spani
496 3577 532 3630 Β.
892 3618 895 3624 .
