2392 3922
433 183 702 235 10011111111.
1009 182 1073 246 331

155 393 204 448 Ad
221 394 259 448 id.
278 394 321 461 H,
342 397 376 447 31
396 395 462 462 (102
476 400 540 462 post
558 396 652 448 cetera
672 394 777 448 similia
796 395 977 466 supradicta).

128 490 213 545 huius
245 507 312 545 vero
344 490 458 544 trocisci
490 509 592 547 nomen
626 493 775 547 diachartu
802 497 921 548 vocatur
947 497 975 548 et
1005 494 1075 547 cinis

55 588 184 641 graccus.
213 570 367 640 axungiam
386 570 447 626 sine
466 572 525 626 sale
544 573 575 625 in
592 573 701 642 patella
719 590 793 627 nova
811 573 944 643 liquidas,
965 576 993 628 et
1012 591 1076 627 cum

57 653 153 706 cinere
171 651 369 720 infamantes,
393 650 436 705 ita
458 655 491 705 ut
514 651 553 706 sit
571 652 723 721 liquidum,
747 653 859 706 inducis
876 671 971 722 panno
991 654 1076 707 etad

57 735 186 786 ventrem
204 731 334 801 imponis,
354 733 384 786 et
402 735 467 800 post
484 731 611 785 triduum
628 732 743 786 sanasti.
767 733 854 787 taeda
869 733 904 787 dc
922 733 990 803 pino
1009 733 1102 802 ignea

56 813 186 881 perusta,
215 811 300 864 carbo
324 809 409 864 tritus
432 810 621 866 minutissime
644 830 708 866 cum
731 811 810 880 vinc,
835 813 926 881 cyatis
944 814 971 866 H
993 813 1075 882 potui

58 892 141 960 dato,
167 890 253 945 valde
278 890 434 944 miraberis.
467 894 557 945 testas
582 909 698 946 ovorum
723 893 797 946 unde
819 892 892 961 pulli
915 893 976 946 nati
1009 895 1075 946 sunt

57 969 141 1024 tritas
159 970 349 1024 minutissime
368 969 398 1022 in
417 987 470 1024 ovo
487 971 591 1027 sorbile
606 989 670 1025 cum
689 972 748 1026 sale
768 989 817 1027 scu
831 989 895 1025 cum
907 971 974 1025 vino
993 971 1075 1041 potui

58 1051 147 1118 dato‚.
159 1052 312 1120 probatum
336 1053 387 1104 est.
416 1050 571 1104 columbini
591 1052 692 1125 (fimi)
712 1051 780 1105 sicci
803 1051 866 1105 triti
888 1055 983 1120 partes
1003 1051 1073 1104 duas

56 1130 86 1182 in
103 1130 252 1199 pulverem
274 1129 384 1184 redacti
403 1133 432 1184 et
449 1129 542 1184 mellis
565 1135 676 1200 partem
695 1149 781 1185 unam
804 1131 966 1185 commisces
985 1133 1017 1183 ut
1036 1129 1074 1183 sit
1089 1144 1114 1182 10

57 1209 241 1280 malagmatis
256 1227 353 1279 genus,
372 1209 460 1264 linteo
475 1211 586 1264 inducis
602 1214 631 1265 et
645 1210 775 1280 imponis,
790 1228 877 1264 unum
892 1211 929 1263 ad
947 1212 1075 1263 ventrem

57 1293 86 1343 et
103 1307 192 1343 unum
211 1291 248 1344 ad
262 1306 356 1357 renes,
379 1290 531 1359 probatum
550 1293 600 1346 cst.
627 1291 697 1344 item
718 1290 861 1345 verrinum
885 1290 982 1344 fimum
1000 1306 1074 1343 com·

57 1369 149 1439 buris,
172 1369 280 1439 piperis
303 1387 392 1439 grana
406 1370 445 1423 XI
469 1369 552 1423 simul
575 1370 657 1440 teris,
686 1374 715 1425 et
741 1388 804 1424 cum
826 1370 893 1424 vino
916 1370 1006 1424 veteri
1024 1387 1074 1439 per

56 1449 184 1503 triduum
206 1451 289 1519 potui
317 1450 397 1518 dato,
425 1467 491 1503 mox
519 1467 603 1504 sanus
622 1450 679 1504 fiet.
707 1450 856 1504 vaccinum
878 1450 956 1505 iecur
980 1467 1074 1504 assum

57 1529 199 1584 edendum
217 1530 242 1583 si
259 1530 380 1596 dederis,
398 1530 602 1584 liberabuntur.
620 1533 624 1598 1
642 1535 679 1600 (p.
691 1535 756 1598 124)
771 1530 818 1585 vel
837 1530 861 1584 si
879 1531 1024 1600 pulverem
1039 1530 1074 1583 de
1089 1542 1114 1582 15

56 1609 204 1679 speculare
235 1610 327 1664 vitreo
359 1609 462 1678 facias,
495 1613 524 1664 et
551 1609 593 1663 ibi
620 1608 773 1662 intinctum
804 1609 882 1664 iecur
912 1610 1072 1663 manducet.

56 1689 174 1744 herbam
192 1690 367 1744 vettonicam
381 1707 415 1743 ex
429 1689 490 1744 vini
509 1690 599 1759 cyatis
614 1688 705 1742 tribus
724 1689 885 1757 frequenter
897 1690 979 1758 potui
996 1691 1072 1743 dato.

57 1769 175 1823 ovillum
203 1787 301 1824 sevum
327 1770 358 1823 in
385 1770 452 1824 vino
483 1773 595 1824 austero
624 1770 771 1824 decoctum
798 1770 888 1824 bibat.
924 1769 1073 1838 coagulum

56 1850 143 1904 haedi
170 1851 253 1904 vetus
276 1850 358 1918 potui
381 1851 462 1918 dato,
490 1850 645 1905 sanabitur.
676 1867 760 1904 ovum
783 1851 930 1904 decoctum
952 1848 983 1901 in
1005 1848 1072 1901 vinc

56 1929 146 1983 veteri
168 1928 216 1983 vel
245 1932 326 1983 aceto
354 1929 494 1983 edendum
518 1930 593 1983 dato.
621 1930 772 1999 palumbus
796 1927 916 1998 agrestis
940 1929 1071 1981 decoctus
1086 1938 1112 1975 2ο

56 2026 91 2063 ex
112 2026 204 2079 pusca
220 2025 272 2078 per
294 2008 421 2063 triduum
449 2009 574 2062 edendus
603 2010 686 2063 datus
714 2010 837 2078 prodest.
866 2006 979 2062 lentisci
1002 2006 1072 2060 folia

57 2106 120 2141 cum
133 2089 202 2142 vino
216 2088 297 2157 potui
312 2089 388 2156 dato,
408 2087 477 2142 mire
491 2090 614 2156 prodest.
640 2089 762 2143 cinerem
776 2087 900 2141 calidum
918 2086 1072 2139 cribratum

57 2171 137 2222 aceto
157 2168 279 2221 mixtum
301 2167 414 2237 impone
439 2168 531 2222 ventri
555 2172 584 2222 et
602 2169 724 2223 renibus.
753 2169 852 2221 limum
871 2169 906 2221 de
925 2183 1072 2220 cucumere

56 2248 160 2316 exime,
183 2250 244 2301 tere
268 2247 421 2316 diligenter
446 2251 475 2302 ct
497 2249 527 2302 in
551 2266 626 2316 aqua
654 2249 748 2303 calida
771 2248 866 2301 ieiuno
889 2246 971 2316 potui
995 2248 1070 2300 dato.

56 2327 259 2397 maligranati
281 2327 363 2381 fiores
388 2327 508 2382 siccatos
527 2329 641 2397 tondes,
667 2331 696 2382 et
719 2345 782 2381 cum
804 2327 871 2382 vino
894 2326 975 2397 potui
995 2327 1071 2396 dato,
1086 2333 1112 2372 25

57 2407 250 2476 dysentericos
274 2425 291 2460 a
318 2410 408 2461 morte
435 2408 547 2462 liberat.
580 2409 679 2462 rubiae
708 2407 818 2463 denarii
845 2407 928 2461 unius
960 2408 1071 2476 pondus

56 2487 233 2541 febricitanti
253 2504 286 2541 ex
306 2504 380 2554 aqua
399 2488 494 2541 calida
513 2491 652 2552 conteres,
677 2491 706 2543 et
729 2505 793 2541 cum
810 2488 876 2542 vino
895 2488 976 2557 potui
995 2489 1071 2556 dato,

56 2567 125 2620 mire
144 2567 269 2636 prodest.
295 2567 437 2636 singulare
451 2569 614 2637 remedium,
635 2568 659 2622 si
674 2586 758 2622 ovum
771 2569 802 2622 in
815 2569 897 2623 fictili
916 2586 984 2623 vase
998 2586 1072 2622 novo

56 2646 199 2715 infundas,
219 2649 248 2700 et
265 2649 386 2716 tantum,
406 2646 436 2698 id
456 2651 499 2701 est
513 2648 560 2702 ovi
578 2665 717 2717 mensura,
737 2648 846 2703 adicias
861 2649 955 2703 oleum
972 2649 1029 2702 mel
1044 2651 1072 2702 et

56 2730 181 2795 acetum,
211 2729 240 2780 et
267 2726 387 2780 subinde
415 2726 445 2779 in
467 2728 565 2796 prunis
590 2728 731 2797 agitatum
755 2746 818 2782 cum
842 2729 967 2798 tepuerit
996 2730 1070 2781 edat.
1085 2731 1112 2769 ³0

55 2807 155 2859 turdus
174 2823 238 2859 cum
258 2806 338 2859 bacis
362 2807 397 2860 de
415 2810 509 2861 murta
528 2825 607 2861 assus
627 2809 736 2863 edatur.
764 2825 856 2876 pruna
875 2807 1006 2861 silvatica
1025 2806 1071 2860 vel

56 2886 160 2939 radicis
184 2886 245 2939 cius
265 2885 383 2939 cortices
403 2886 433 2939 in
455 2887 522 2941 vinc
546 2892 658 2942 austero
682 2906 770 2956 usque
794 2888 831 2941 ad
849 2886 950 2940 tertias
974 2901 1070 2952 coque,

126 3125 294 3178 fidiacartr'r
314 3127 337 3178 t.
393 3124 599 3190 01112910οῦ1).
655 3124 822 3192 3Axungia
841 3127 864 3178 b.
920 3129 954 3176 cu
972 3123 1031 3175 cin‘)
1046 3127 1068 3177 b.

56 3199 177 3250 ltestes
198 3199 222 3250 b.
296 3195 374 3250 Sin:
394 3196 472 3249 etin
491 3198 513 3251 b.
568 3195 676 3250 Sorbile
696 3199 719 3248 b.
794 3193 990 3248 tcolumbina
1008 3199 1068 3263 (orn.

56 3267 122 3320 fimir
141 3267 219 3320 siccis
238 3266 489 3322 tritu...redact1‘1
509 3270 532 3321 b.
585 3274 612 3318 11
632 3265 773 3333 malagme
793 3267 816 3320 b.
883 3270 916 3317 16
937 3265 971 3317 de
986 3283 1070 3333 pecu-

56 3335 114 3391 lare
128 3338 221 3392 vitreo
242 3340 265 3392 b.
314 3343 346 3389 17
365 3337 496 3391 vetonica
515 3340 538 3392 b.
591 3343 623 3389 22
644 3335 881 3390 0120011001το
902 3337 925 3389 t.
981 3343 1069 3391 23111.

55 3409 155 3463 ventri.
176 3411 206 3463 ct
223 3416 310 3477 ipone
329 3408 443 3461 renibus
463 3411 486 3462 b.
568 3413 603 3459 24
622 3407 702 3461 dato:
722 3406 796 3459 dabo
812 3409 835 3461 b.
927 3412 959 3459 26
980 3407 1070 3460 dissu-

55 3480 157 3534 tericos
177 3483 200 3535 b.
302 3478 381 3550 robip
402 3478 513 3532 danarii
533 3481 555 3531 b.
648 3483 681 3530 27
701 3477 823 3531 conteris
843 3480 865 3532 b.
954 3484 987 3532 28
1008 3498 1027 3534 s.
1048 3497 1070 3533 r.

53 3552 128 3606 rrrbr.
149 3553 172 3606 b.
249 3555 283 3603 29
302 3557 397 3602 msura
416 3553 438 3605 b.
512 3555 544 3602 31
565 3549 649 3601 mirta
669 3550 691 3603 b.
