2392 3922
130 160 198 225 370
357 157 925 219 1111111111111111111111111.

131 329 180 389 die
208 327 355 404 decoques
384 343 459 402 qnae
487 325 585 386 infusa
613 332 683 387 sunt
708 325 769 385 leni
794 324 875 405 foco,
901 323 1046 428 quamdiu
1075 344 1195 421 aqua

131 416 310 477 absumatur.
335 415 446 473 cummi
465 432 536 473 vero
559 422 640 476 teres
663 413 814 475 11111111
838 411 989 474 modico
980 431 1041 475 ram
1065 421 1146 475 cocto

131 521 225 582 usque
250 502 286 563 ad
308 500 467 563 levitatem.
491 505 621 563 resinam
645 509 745 564 autem
768 509 799 562 et
820 509 1011 563 1111111111
1033 502 1146 582 reliquo

130 592 195 652 oleo
218 590 348 652 resoluta
369 590 430 650 leni
448 591 514 652 foco
533 591 654 673 celabis,
677 598 707 653 et
724 591 904 670 tepefactum
927 609 1020 670 supra
1039 593 1145 653 cummi

130 681 289 741 inmixtum
311 679 436 758 agitabis
459 679 497 739 de
520 680 624 741 fecula.
648 680 727 759 quod
745 679 932 741 medicamen
950 679 1032 740 dolio
1056 683 1169 741 vitreot

131 768 272 830 servabis.
301 768 372 829 facit
399 774 498 829 autem
525 768 561 828 ad
588 771 680 829 totius
708 769 843 848 corporis
870 768 1028 851 frigorem,
1057 777 1088 830 et
1112 768 1143 830 ad

132 861 224 920 sciam
248 864 278 918 et
300 857 460 937 podagram
482 857 642 918 utilissime
665 856 796 936 prodest.

78 943 122 1008 20
221 946 269 1007 dd
284 948 493 1024 sanguinem
507 953 698 1007 vomentes.
723 964 825 1006 semen
839 945 939 1006 salicis
951 943 1142 1007 uncltritunr

133 1055 201 1098 curn
223 1038 292 1096 vino
316 1043 434 1096 austero
457 1037 637 1113 permixtum
659 1036 779 1095 ieirmus
807 1035 941 1114 accipiat
972 1037 1142 1114 sanguinem

133 1127 289 1204 restringit
311 1131 341 1184 et
363 1126 467 1184 vitium
491 1122 635 1184 emendat.
1150 1139 1166 1180 n

78 1209 119 1273 21
221 1212 410 1275 Confectio
430 1211 631 1274 saccomeli.
650 1230 723 1272 uvae
738 1211 862 1273 acerbae
877 1212 943 1272 suci
957 1211 1141 1292 sextariosll

132 1321 220 1381 quem
245 1319 349 1362 sucum
372 1301 480 1361 cacabo
504 1309 625 1378 stagneo
648 1319 704 1379 per
730 1300 864 1361 triduum
888 1299 1037 1383 servabis,
1060 1318 1141 1381 snpra

130 1393 231 1450 missis
254 1391 354 1466 granis
378 1388 448 1449 salis
471 1392 581 1449 marini
603 1389 713 1471 tribus,
740 1391 781 1450 ita
808 1395 842 1449 ut
869 1406 973 1449 omnes
997 1390 1096 1451 faeces
1116 1391 1141 1449 in

130 1477 221 1538 burdo
250 1476 408 1537 resideant.
442 1477 549 1537 exinde
576 1480 671 1539 mittis
699 1480 764 1538 suci
793 1476 910 1556 limpidi
943 1477 1141 1558 sextariosll,

131 1564 228 1625 mellis
251 1564 419 1643 despumati
442 1568 587 1626 sextarios
606 1566 654 1628 ΠΙ.
687 1585 797 1646 coques
820 1566 882 1626 leni
903 1565 970 1627 foco
993 1585 1090 1646 usque
1112 1565 1166 1627 ade

130 1656 242 1714 tertias.
272 1652 350 1732 quod
379 1653 415 1713 de
444 1652 538 1713 ferula
566 1654 701 1732 agitabis.
735 1655 876 1734 frigidum
908 1655 1022 1716 factum
1053 1658 1141 1717 vitreo

131 1742 272 1805 servabis.
304 1742 375 1802 facit
406 1742 443 1802 ad
474 1744 609 1803 nausiam
642 1743 880 1822 restringendam
907 1750 938 1803 et
965 1745 1003 1804 ad
1035 1746 1142 1805 renuis

131 1833 244 1894 fluxum
272 1838 303 1892 et
329 1833 414 1892 initia
446 1849 549 1892 eorum
578 1835 630 1911 qui
662 1835 837 1911 sanguinem
868 1839 1000 1893 vomunt.
1038 1833 1092 1895 sed
1117 1839 1143 1892 et

132 1923 318 2002 dysenteriae
346 1921 503 2000 incipienti
535 1939 603 1981 cum
635 1939 728 2000 aquae
759 1939 851 2000 purae
883 1939 1025 1982 mensura
1055 1921 1143 2002 dabis,

131 2009 328 2072 febrientibus
351 2009 492 2091 tepidum,
517 2011 627 2070 ceteris
650 2010 799 2088 frigidum.
1152 2025 1171 2066 1

79 2096 120 2158 22
219 2099 267 2160 rid
300 2101 510 2177 sauguinem
543 2099 583 2158 de
617 2117 681 2158 ano
712 2098 896 2160 fluentem.
928 2098 1000 2159 mali
1032 2100 1143 2178 granati

132 2191 273 2250 corticem
306 2195 427 2248 tunsum
460 2196 490 2249 et
516 2186 593 2247 bene
626 2187 813 2249 cribellatum
844 2190 877 2248 in
909 2206 1002 2267 aquae
1035 2188 1143 2250 calidae

131 2280 223 2357 cyatis
242 2276 268 2336 II
286 2277 468 2355 totidemque
491 2278 565 2357 vini,
589 2283 620 2336 et
638 2276 782 2337 coclearia
805 2275 921 2355 singula
944 2275 1078 2355 pulveris
1094 2294 1144 2356 per

132 2366 265 2426 triduum
289 2364 326 2424 da
348 2364 461 2446 bibere,
486 2371 515 2425 et
538 2367 699 2444 restringit.

79 2451 120 2513 23
219 2452 267 2511 Ad
283 2452 541 2530 dysentericos.
561 2471 648 2514 ovum
662 2453 851 2532 gallinacium
865 2472 933 2514 cum
947 2461 1032 2514 aceto
1047 2455 1172 2532 frigesco

132 2549 161 2600 et
184 2541 221 2600 da
243 2539 421 2601 manducare
445 2543 474 2600 ei
497 2543 550 2619 qui
571 2544 685 2622 patitur
706 2561 761 2622 per
784 2542 848 2603 dies
872 2549 996 2622 septem.

77 2626 121 2690 24
218 2628 306 2688 ltem
330 2627 371 2687 ad
394 2630 648 2708 dysenteriam.
676 2632 840 2710 fragmenta
859 2632 896 2692 de
919 2630 999 2691 mola
1022 2632 1146 2710 ignifera

130 2718 230 2798 facies,
253 2723 283 2776 et
306 2735 373 2776 curn
395 2716 472 2778 bene
495 2719 683 2801 incaluerint,
706 2719 820 2800 lapides
843 2723 925 2800 ipsos
947 2720 980 2780 in
1004 2718 1081 2781 lacte
1101 2739 1144 2781 ca·

134 2808 220 2886 prino
246 2807 410 2887 exungues
434 2815 464 2867 et
486 2807 559 2869 illnd
582 2808 627 2870 lac
649 2809 753 2870 bibere
776 2809 869 2871 dabis.
923 2841 926 2847 ·

78 2894 121 2957 25
219 2895 267 2957 Ad
305 2913 365 2955 eos
402 2898 463 2974 qui
499 2915 576 2957 cum
607 2905 786 2958 tormento
823 2901 961 2959 urinam
998 2897 1176 2958 11111111

132 2984 322 3064 sisymbrium
345 3003 380 3044 ex
405 3003 480 3063 aqna
499 2985 631 3089 decoque
655 2994 685 3047 et
706 2994 770 3047 tere
795 2986 917 3066 limpide
941 2994 970 3047 et
993 2985 1038 3047 da.
1063 2986 1146 3047 bibat

132 3093 199 3134 cum
224 3075 344 3133 caroeui
366 3092 448 3133 mero
471 3076 599 3155 ieiunus,
623 3093 659 3134 er
682 3092 757 3153 aqna
780 3092 870 3150 supra
893 3081 1064 3136 memorata.

204 3197 216 3243 1
237 3189 295 3244 lem'
310 3191 390 3314 (1151
462 3191 624 3246 Α1111111111
638 3189 922 3257 1111.1.11111).·1111
932 3193 962 3246 Β
977 3193 1146 3261 (1111111111

130 3265 199 3316 415
209 3267 249 3315 etc
235 3265 279 3328 c..)
352 3261 541 3331 b’gdorem
558 3262 594 3317 Β.
672 3266 687 3315 l
706 3259 814 3315 sobiam
831 3260 869 3315 Β.
941 3269 958 3317 9
977 3265 1090 3318 austere
1109 3265 1144 3320 Β.

131 3338 164 3386 11
185 3331 360 3386 saccomellis
379 3333 407 3386 Β
422 3334 452 3402 (1
472 3331 650 3402 staetomeli).
740 3347 838 3385 sucum
851 3332 887 3387 Β.
979 3338 1012 3386 15
1031 3333 1091 3388 leui
1108 3335 1145 3391 Β.

131 3409 164 3456 19
185 3402 356 3457 disenteriae
370 3403 405 3457 Β.
476 3410 508 3457 11
528 3402 718 3472 malogranati
730 3403 767 3459 B.
841 3408 875 3457 25
895 3401 1089 3459 dissintericos
1108 3406 1144 3462 B.

130 3477 164 3525 27
185 3472 376 3527 dissinteriam
394 3474 430 3526 Β.
504 3480 538 3527 31
558 3420 721 3529 sisinbrium
738 3473 773 3529 Β.
848 3479 882 3527 32
902 3490 965 3527 cum
984 3490 1049 3529 earo
1069 3475 1146 3529 enim

130 3556 177 3595 ero
196 3541 308 3597 ieiunus
328 3544 391 3611 (cie)
410 3544 446 3599 B.
521 3543 544 3599 81
557 3546 586 3600 Β
601 3548 682 3612 (corr.
700 3545 762 3615 ed).
