2392 3922
392 183 443 234 un
461 182 623 235 sumaim
640 183 828 236 mauronis.
1050 182 1117 246 415

96 342 121 394 ot
133 338 242 395 mollit.
268 338 342 394 facit
360 339 400 394 ad
418 338 557 394 stomachi
580 341 610 394 et
632 339 740 394 ventris
759 342 788 394 et
812 340 904 409 epatis
923 340 969 396 vel
993 341 1118 395 omnium

98 418 299 474 intestmorurn
312 421 460 474 tumorem.
480 417 613 473 calefacit
627 419 703 473 enim
716 422 746 474 et
760 419 849 474 siccat
861 419 989 475 nimium.
1009 419 1118 475 solvit

99 502 129 553 et
143 502 318 568 ventrem,
338 498 369 553 si
386 497 464 567 quis
478 497 668 567 scripulum
681 499 844 554 mastices
860 499 1027 554 collatum
1045 518 1118 554 cum

99 578 214 633 calida
233 593 328 647 aqua
345 577 486 633 biberit.
961 627 963 632 .

61 660 86 710 88
161 657 411 726 Melanthium,
434 657 511 726 quod
535 657 697 729 appellatur
719 659 776 728 git,
799 659 914 714 virtutis
938 662 982 714 est
1005 658 1116 713 calidae
1144 691 1146 714 l

99 739 126 791 et
137 736 240 806 dacae,
259 739 291 791 et
304 735 519 807 spissitudinem
532 746 661 790 umorum
676 739 819 807 extenuat,
839 737 960 806 denique
975 741 1117 792 catarrum

100 815 267 871 calefactum
289 815 414 886 ligatum
431 816 462 870 in
484 815 650 870 linteamine
678 816 809 873 exsiccat,
837 817 938 872 tritum
961 834 1072 886 quoque
1092 818 1117 872 si

100 895 159 964 quis
170 895 290 966 biberit,
304 895 478 951 ventositate
492 897 578 951 caret.
597 895 751 950 lumbricos
766 897 826 951 sive
840 896 870 949 in
883 896 1000 966 potione
1017 898 1116 952 datum

100 975 155 1030 sive
173 974 281 1031 defofis
299 974 473 1045 impositum,
492 974 523 1029 id
541 977 586 1030 est
603 974 716 1045 tritum,
735 976 848 1032 occidit.
868 975 961 1045 lepras
981 975 1068 1030 etiam
1086 980 1116 1031 et

100 1053 222 1110 clai-ulos
239 1054 347 1124 pedum
365 1057 395 1109 et
413 1070 544 1109 verrucas
563 1056 651 1110 curat.
676 1057 820 1110 menstrua
839 1072 950 1124 quoque
968 1060 1113 1125 provocat.
1128 1074 1146 1112 1⁴

62 1133 86 1185 u
163 1133 233 1188 Mel
252 1132 388 1189 calefacit
405 1136 435 1189 et
453 1133 542 1188 siccat
558 1132 686 1190 nimium.
705 1134 794 1189 habet
812 1134 900 1189 etiam
919 1134 1114 1204 acritudinem,

99 1229 161 1267 uam
177 1212 300 1268 vulnera
320 1212 436 1268 sordida
452 1216 565 1283 purgat.

63 1294 85 1346 88
163 1291 366 1348 Melilotum
391 1292 506 1347 virtutis
534 1295 578 1347 est
604 1291 719 1348 mixtae.
748 1295 778 1348 et
799 1297 925 1349 maturat
951 1311 1062 1349 umores
1086 1297 1115 1349 et

99 1372 243 1444 dispergit
264 1371 377 1442 utplus
396 1371 507 1427 calidae
525 1372 642 1427 virtutis
666 1374 710 1427 est
730 1390 816 1440 quam
838 1373 969 1444 frigidae.
994 1375 1031 1429 ad
1050 1391 1115 1429 ocu-

98 1451 185 1507 lorum
202 1450 434 1521 indignationem
452 1467 527 1520 aqua
545 1450 609 1522 ipsa
628 1453 710 1506 cocta
727 1451 841 1508 utimur.
1128 1475 1146 1513 1·

62 1538 84 1592 ll
162 1537 301 1594 Meceni
318 1554 422 1593 nomen
441 1541 485 1594 est
501 1544 635 1608 papaver.
654 1539 790 1608 frigidam
813 1541 949 1597 virtutem
966 1543 1067 1612 habet,
1086 1545 1116 1597 et
1142 1500 1146 1513 ·

98 1636 189 1676 semen
203 1618 267 1674 eius
279 1617 463 1673 somniferam
471 1621 522 1674 est.
542 1620 654 1688 agreste
665 1635 792 1688 papaver
802 1620 867 1690 plus
882 1639 968 1690 quam
983 1622 1115 1676 domesti-

97 1716 157 1754 cum
173 1697 338 1769 infrigidat.

61 1788 81 1841 88
160 1788 261 1843 Mora
278 1788 383 1841 natura
405 1786 514 1840 habent
534 1786 707 1842 mediocrem
729 1786 852 1842 calorem
874 1790 904 1842 et
926 1792 1053 1842 ventrem
1071 1804 1113 1842 re-

95 1866 201 1923 luant.
219 1866 368 1920 inmatura
385 1881 453 1920 vero
470 1865 586 1920 virtutis
604 1866 727 1937 frigidae
747 1871 776 1922 ct
795 1867 886 1921 siccae
901 1870 974 1922 sunt.
994 1867 1068 1920 unde
1084 1869 1113 1921 et
1127 1877 1146 1915 a

95 1946 153 2002 suci
170 1947 302 2017 ipsorum
316 1947 442 2000 tumores
455 1944 582 1999 faucium
596 1950 704 2002 curant.
724 1946 752 2000 si
771 1946 846 2014 quis
866 1962 1001 2014 quoque
1020 1962 1112 2000 mora

93 2025 169 2096 ipse
188 2023 384 2080 siccaverit
402 2027 435 2078 et
452 2024 630 2093 pulverem
647 2024 788 2092 fecerit,
808 2025 842 2078 et
856 2024 993 2078 dederit
1011 2041 1112 2076 unum

93 2104 308 2161 coclearium
328 2103 574 2173 dysentericis,
593 2121 750 2174 magnum
768 2103 954 2158 remedium
973 2107 1032 2157 cst.

51 2182 76 2235 88
160 2183 280 2238 Murta
299 2198 334 2237 ex
353 2182 502 2237 contrariis
520 2182 675 2237 virtutibus
695 2183 852 2252 composita
865 2186 926 2269 cst,
953 2186 982 2236 ct
1001 2181 1112 2236 obtinet

160 2383 180 2431 4
195 2375 295 2432 Simon
314 2392 335 2431 s.
355 2374 523 2431 Melantium
538 2379 613 2447 (post
626 2376 860 2447 Diosc.)...Theo.
875 2376 930 2432 Pri.
945 2376 1112 2430 melantium
1140 2404 1144 2410 ·

89 2447 168 2517 quod
182 2464 202 2501 a
221 2445 350 2516 pellatur
368 2445 412 2517 git
431 2450 477 2516 (cf.
501 2448 574 2502 Orto.
590 2452 666 2516 153).

213 2516 273 2572 ala
290 2517 429 2586 persica
447 2518 543 2574 Simon
560 2535 581 2573 s.
595 2517 722 2572 Kariana
736 2520 873 2572 vocantur
886 2517 997 2587 persica
1017 2535 1113 2573 secun-

89 2590 158 2643 dum
176 2587 267 2645 Theo.
286 2586 408 2660 Prisci}

162 2763 335 2820 lislomaci
355 2763 388 2819 G.
462 2764 667 2819 aistentinaru
685 2767 795 2818 tumore
816 2765 849 2820 G.
942 2767 1113 2835 tscriptum

86 2836 242 2892 masticem
260 2834 377 2890 collium
398 2835 431 2891 θ.
503 2834 623 2890 tcalda
643 2836 676 2891 G.
737 2834 919 2890 ohnmorem
939 2837 972 2892 G.
1028 2837 1112 2890 dene-

86 2924 143 2976 que
164 2907 201 2962 θ.
277 2904 403 2975 rugato
424 2905 456 2961 G.
513 2905 622 2960 exiccat
642 2907 675 2961 G.
730 2906 967 2961 8ventositatem
985 2907 1057 2959 carli
1077 2906 1110 2959 G.

85 2976 259 3033 Lumbricus
280 2976 314 3032 G.
369 2976 402 3030 iu
418 2976 538 3048 potionis
559 2976 593 3031 θ.
648 2975 839 3046 sinpositum
855 2977 887 3031 G.
956 2975 1061 3030 occid&
1077 2975 1109 3029 θ.

87 3056 122 3103 10
142 3046 288 3103 clavulos:
309 3049 409 3102 acutos
428 3047 456 3103 θ
473 3045 567 3117 (ἥλους
587 3046 670 3116 Gal).
747 3064 878 3102 verrucas
899 3047 925 3101 G
943 3047 1111 3116 (μυρμηκίας

88 3120 192 3175 Galet
206 3120 256 3174 lot.
274 3118 370 3188 ont).
426 3123 459 3171 13
478 3117 648 3173 mellilolum
664 3117 697 3172 G.
744 3118 827 3172 mixti
843 3119 876 3172 G.
928 3123 961 3170 14
975 3133 1059 3184 quem
1076 3115 1108 3168 G.

87 3196 121 3245 1⁶
140 3204 218 3259 aque
235 3189 300 3272 ipse
318 3190 399 3243 cocto
416 3188 506 3243 utim⁹
522 3188 556 3244 θ.
608 3195 641 3243 lo
659 3189 702 3244 De
720 3189 832 3257 miconi.
851 3187 956 3241 Miconi
977 3188 1009 3240 G.
1061 3185 1110 3238 do-

84 3261 224 3316 mesticus
241 3257 426 3328 rnfidgdatG.
500 3264 533 3313 19
551 3259 594 3313 De
612 3275 699 3314 mora.
718 3259 798 3313 Mora
819 3259 851 3313 G.
906 3257 989 3310 hab&
1005 3257 1037 3310 G.

85 3330 246 3386 relaxati).
340 3329 520 3401 aripennum
539 3330 573 3385 θ.
664 3336 770 3383 21-23
788 3331 822 3396 cf.
845 3330 946 3382 Theod.
967 3329 999 3382 de
1016 3328 1110 3380 diaeta

83 3420 114 3472 p.
128 3406 213 3457 243⁰.
268 3406 352 3455 mord
368 3399 433 3470 ipsa
448 3401 481 3456 G.
554 3406 588 3454 22
608 3400 777 3455 siccaverint
793 3400 825 3454 G.
884 3397 983 3466 pulver
1004 3397 1036 3450 G.

86 3479 122 3527 23
140 3471 310 3528 cocliarium
325 3470 360 3526 G.
434 3470 619 3525 dissintericis
641 3471 673 3525 G.
727 3476 762 3525 24
779 3470 820 3524 De
839 3471 939 3523 murta.
959 3468 1053 3521 Marta
1075 3467 1108 3521 G.

87 3543 202 3599 obtinet
220 3543 248 3599 Θ
261 3542 425 3615 (ἐπικρατεῖ
440 3541 523 3612 cat).
