2392 3922
147 177 215 240 430
550 173 755 226 VINDIOIANI

149 333 254 389 mortui
264 333 384 386 fuissent
393 332 529 386 homines.
544 332 594 386 sed
603 331 657 384 hoc
684 331 768 385 modo
792 329 856 398 quis
883 331 1011 382 mortuus
1037 333 1090 384 est.
1122 330 1171 383 sed

148 405 230 460 nobis
239 404 332 458 facere
343 420 400 457 non
409 402 478 456 licet
487 401 657 472 quiaprohi-
683 401 766 456 nobis
797 401 852 454 hoc
883 400 977 454 facere
1010 417 1070 454 non
1102 400 1170 454 licet

148 476 241 531 bitum
255 477 299 528 est
308 474 398 528 nobis.
410 476 439 527 et
452 473 517 528 ideo
527 473 598 527 haec
610 489 657 526 ex·
684 472 753 540 quia
770 470 947 541 prohibitum
970 473 1023 526 est.
1051 475 1081 526 et
1104 471 1167 524 ideo

148 546 256 615 plicare
275 545 358 599 nobis
377 547 496 613 oportet.
516 543 657 598 rationem
685 543 792 597 dehoc
812 542 985 611 exemplaria
1010 543 1087 597 ratio
1107 542 1165 595 red-

149 616 230 671 vobis
253 616 398 669 reddimus
426 615 567 683 quomodo
591 631 656 668 con·
684 613 769 668 ditur.
806 613 947 681 quomodo
978 613 1162 667 contineatur.

148 687 290 741 tineamur
300 703 411 740 omnem
423 703 523 755 corpus
532 684 656 738 hominis
684 684 787 752 quibus
807 683 998 738 commissuris
1016 688 1163 752 (commen-

149 761 179 812 et
201 757 449 828 conpo<sicionem
476 772 546 810 vene
569 772 656 809 mem·
684 754 756 809 suris
766 757 804 823 sc)
815 757 866 808 aut
880 755 1106 824 compaginibus.
1120 752 1161 808 vel

148 828 263 882 brorum
281 830 320 883 sic
339 830 375 883 al.
394 846 428 882 m.
449 830 480 881 irc
498 826 575 899 rac>
594 826 656 894 qui·
683 825 908 879 articulomentis
919 828 966 895 (=
979 844 1011 894 v,
1034 825 1160 879 -amentis

148 900 202 952 bus
217 899 346 953 articulis
362 899 465 966 quibus
480 895 654 951 conmisuris.
682 899 728 964 ce).
751 896 799 950 vel
817 896 920 964 quibus
939 896 1029 957 venis.
1055 914 1073 950 a
1090 896 1158 965 prin-

149 970 253 1038 quibus
268 969 379 1024 ossibus
394 969 496 1038 quibus
515 967 656 1022 venissel
683 966 758 1037 cipio
778 967 904 1021 omnium
927 967 1079 1021 verborum
1096 966 1158 1020 inci-

149 1041 243 1095 nervis
257 1040 303 1095 vel
317 1039 530 1109 conpaginibus.
547 1056 565 1092 a
579 1039 656 1108 prin-
681 1037 801 1107 piamus.

150 1112 224 1180 oipio
236 1111 361 1165 omnium
369 1111 507 1165 maiorum
516 1108 656 1164 rationem

149 1182 325 1251 incipiamus.

185 1976 223 2041 (3)
247 1975 350 2041 caput
374 1976 470 2026 noster
497 1975 552 2041 (ᾖ)
577 1989 653 2027 corn-
716 1972 1157 2042 (3)caputrerovirihabetcom-

147 2042 281 2096 missuras
304 2043 392 2098 habet
418 2043 550 2111 quinque.
579 2043 653 2097 sicut
679 2043 814 2097 missuras
838 2044 970 2112 quinque.
1000 2043 1041 2097 sio
1066 2047 1156 2097 autem

148 2113 269 2168 diximus
289 2115 409 2168 simacus
429 2114 652 2168 anatomicorum
680 2114 793 2183 scripsit
816 2132 940 2168 summus
964 2119 1064 2169 auctor
1088 2131 1155 2168 ero·

147 2185 243 2254 lupio
263 2188 293 2239 ct
307 2185 484 2255 erophilus
500 2184 651 2240 sicatartis.
679 2185 796 2254 philus
821 2185 898 2240 sicia.
923 2188 952 2239 et
974 2186 1064 2240 habet
1086 2203 1154 2239 mas·

147 2257 254 2310 habent
272 2257 391 2311 masculi
416 2256 558 2311 calvariae
578 2273 651 2311 com·
680 2256 759 2310 culus
777 2256 808 2309 in
823 2257 948 2310 calvaria
962 2257 1155 2310 commissuras

145 2327 652 2453 rattfrlltussalttlt
678 2327 1155 2453 affilltllttttllltttl

145 2470 220 2548 unde
248 2469 581 2550 agnoscitur‘calyariae
611 2468 651 2523 fe·
678 2471 919 2538 rotundumaquo
928 2469 1100 2550 agnoscitur.
1109 2470 1156 2522 ha·

143 2538 652 2676 tsrnrqlfftrrtaut⁰ltmll²f
677 2541 987 2667 brittablo?
994 2557 1156 2680 elatrat

143 2677 233 2732 branc
253 2677 299 2731 cui
313 2679 491 2748 superposita
510 2684 554 2735 est
568 2681 649 2736 cutis.
678 2685 820 2738 metanem
845 2682 1013 2752 appellatur.
1038 2682 1085 2735 cui
1113 2698 1156 2735 co-

143 2749 231 2803 habet
259 2752 354 2802 autem
386 2751 567 2819 capillos
593 2770 651 2807 non
678 2754 778 2809 herent
800 2755 964 2808 membrana
986 2753 1089 2821 quibus
1114 2771 1156 2806 su-

143 2822 257 2889 propter
286 2820 412 2874 decorem
439 2823 488 2874 sed
515 2840 532 2876 a
556 2823 649 2878 fronte
676 2825 822 2894 posposita
842 2828 885 2879 est
904 2824 976 2878 cutis
995 2842 1050 2896 que
1069 2825 1156 2878 habet

143 2907 257 2959 corpore
296 2894 446 2960 conspecta
484 2895 649 2948 membrana
678 2896 796 2965 capillos
828 2913 885 2950 non
917 2894 1008 2949 solum
1042 2899 1157 2964 propter

142 2964 186 3014 est
214 2961 308 3016 etiam.
336 2964 369 3015 ut
395 2962 488 3016 ibemi
513 2965 648 3033 temporis
678 2967 807 3021 decorem
834 2966 921 3034 positi
950 2967 1022 3019 sunt.
1052 2966 1103 3018 sed
1125 2969 1156 3019 ut

141 3032 286 3085 cerebrum
313 3035 441 3086 nostrum
468 3034 649 3089 bestiendum
675 3035 798 3090 frontem
821 3035 984 3101 cooperiant
1012 3035 1156 3105 conspersi

141 3101 292 3157 calefaciat
325 3108 353 3157 et
386 3107 480 3159 extate
512 3105 647 3174 temporis
675 3104 854 3160 membranis.
882 3107 916 3157 ut
942 3105 1055 3158 hiberni
1086 3110 1156 3160 tem-

141 3172 265 3241 spatiose
281 3174 349 3228 solis
364 3175 457 3229 calore
472 3177 586 3230 cerebro
601 3193 648 3230 ex·
695 3175 751 3230 oris
766 3175 908 3228 celebrum
921 3175 1070 3230 vestiendo
1083 3178 1156 3231 calc-

109 3311 113 3317 ,
140 3245 222 3297 tuare
241 3262 298 3298 non
316 3246 472 3314 permittas.
674 3193 770 3300 laciat.
803 3248 832 3298 et
858 3247 998 3313 ex(s0)tate
1027 3249 1155 3317 tempore

675 3315 742 3370 solis
761 3315 884 3369 calorem
901 3312 1043 3368 celebrum
1062 3317 1157 3386 ipsum

673 3403 731 3440 non
749 3385 847 3440 vitiari
866 3383 1020 3455 permittat.

351 3539 434 3606 Me)
861 3532 960 3603 Im)
