2392 3922
471 150 740 202 normannum.
1041 134 1106 213 '337

81 389 136 443 Ad
150 388 213 455 III,
227 393 244 442 1
260 390 303 456 (2)
322 387 369 441 De
387 387 554 440 mamillis
572 405 599 456 p.
619 405 646 455 p.
667 387 868 442 dolentibus
888 387 1027 457 (postlac
1044 405 1109 458 pro·

479 466 635 521 hibendum
653 466 725 536 erit).

161 547 338 602 marrubium
361 549 510 600 contusum
533 550 562 601 et
584 545 749 616 impositum
772 546 905 617 ,mammis
930 548 1056 602 dolorem
1079 550 1109 602 et

87 632 232 683 tumorem
250 628 341 682 sedat.

86 753 136 807 Ad
149 753 309 820 HI,2(7)
332 751 379 805 Da
397 750 661 820 praefocatione
683 750 842 805 matricis
862 754 937 822 (poet
960 751 1107 821 appellant
1134 770 1148 812 5

280 862 315 872 -
333 833 387 886 oid.
403 848 498 900 pauca
516 832 554 886 cd
572 837 675 886 tectura
689 831 737 886 Pr.
753 848 783 900 p.
793 834 859 899 229,
874 833 910 900 3).

208 954 258 1009 Ad
275 955 313 1009 id.
328 955 389 1021 III,
403 959 422 1009 2
437 957 480 1023 (8)
501 956 538 1009 ad
555 956 603 1022 [ta.
618 956 692 1024 (poet
709 955 888 1024 procuranda
906 959 990 1025 sunt).

159 1034 217 1089 Sed
235 1033 354 1088 ethaeo
374 1035 532 1103 superaddo
551 1049 624 1102 quae
643 1034 681 1088 ad
704 1034 830 1088 matricis
855 1033 981 1088 dolorem
999 1035 1106 1104 scripta

88 1114 223 1183 prodesse
248 1112 411 1182 frequenter
438 1113 629 1184 cognovimus.
658 1113 784 1183 lapidem
810 1116 935 1184 gagaten
962 1115 1046 1169 mitte
1074 1115 1107 1168 in

88 1193 187 1247 vinnm
208 1194 304 1260 vatus,
332 1208 429 1262 coque,
458 1196 487 1247 et
510 1193 605 1262 bibat,
633 1193 780 1263 ipsumque
803 1193 930 1264 lapidem
952 1194 983 1248 in
1007 1195 1105 1249 dextro
1120 1215 1147 1253 ιο

88 1274 160 1342 pede
178 1272 260 1342 liget.
280 1271 331 1326 flos
344 1271 422 1326 faeni
436 1275 466 1327 et
479 1273 594 1327 faenum
611 1289 744 1342 maecum
758 1277 788 1328 et
801 1273 925 1328 malvam
944 1273 1107 1328 silvaticam

90 1354 228 1423 {(p.135)
253 1351 284 1404 in
307 1367 336 1405 se
360 1368 476 1420 coques,
504 1355 534 1406 et
556 1351 622 1406 inde
647 1368 676 1407 se
704 1352 842 1407 sublevet.
870 1352 957 1408 vulva
979 1352 1106 1407 mnlieris

88 1431 227 1487 suffocata
260 1431 382 1501 respirat
413 1431 512 1486 nidore
547 1431 715 1501 capillorum
751 1432 879 1487 mulieris
912 1435 1047 1488 ustorum.
1082 1434 1107 1487 si

89 1511 216 1566 mulieris
234 1510 322 1565 vulva
340 1511 419 1565 laesa
442 1513 497 1580 est,
522 1513 573 1565 aut
595 1514 689 1566 tumor
710 1511 879 1567 intrinsecus
898 1511 985 1567 fuerit
1002 1512 1106 1568 vulvae

88 1590 151 1660 ipsi,
169 1589 347 1646 vettonicam
364 1593 479 1646 tunsam
497 1594 527 1645 et
540 1591 665 1646 colatam
678 1608 742 1646 cum
754 1591 863 1646 mulsae
881 1595 963 1661 parte
976 1593 1106 1661 tepidam
1119 1612 1145 1652 15

91 1670 178 1725 bibat.
207 1669 263 1724 hoc
282 1672 312 1725 et
330 1670 367 1724 ad
387 1687 469 1725 omne
486 1670 698 1726 interaneorum
714 1669 818 1725 vitium
835 1671 913 1727 facit.

90 1795 135 1850 Ad
147 1795 209 1862 m,
224 1797 242 1848 5
258 1797 318 1863 (14)
335 1794 382 1849 De
400 1794 629 1865 conceptione
648 1796 723 1865 (post
740 1793 869 1849 clausum
887 1827 922 1836 -
939 1797 995 1850 oid.
1011 1813 1105 1865 pauca

383 1878 421 1930 ad
439 1882 543 1932 batum
561 1875 609 1930 Pr.
624 1877 734 1944 paee,
749 1877 801 1944 13).

89 1953 134 2008 Ad
141 1954 181 2008 id.
191 1953 254 2020 HI,
265 1956 283 2007 5
293 1955 342 2022 (18
348 1961 412 2024 post
426 1954 628 2024 encolpismum
642 1970 830 2024 supponemus
844 1955 879 2022 cf.
890 1955 928 2008 cd
937 1970 967 2022 p.
976 1956 1041 2019 235,
1050 1957 1103 2022 17).

157 2049 226 2086 nam
248 2035 279 2087 et
300 2034 457 2089 masculum
480 2033 634 2104 concipiet,
662 2033 802 2104 gallorum
823 2035 911 2088 testes
936 2032 960 2086 si
983 2032 1103 2086 subinde
1118 2052 1144 2090 ao

89 2115 219 2181 acceptos
237 2111 340 2167 mulier
359 2114 483 2169 devoret.
512 2114 582 2168 item
601 2113 625 2167 si
643 2113 766 2168 voluerit
774 2112 883 2185 {mulier
901 2111 1020 2182 gravida
1035 2112 1103 2182 fieri,

89 2190 197 2260 aliquid
217 2192 252 2246 de
272 2192 405 2247 membris
424 2209 571 2247 corvorum
590 2194 709 2248 duorum
728 2209 822 2247 secum
841 2192 954 2247 habeat.

88 2315 134 2370 Ad
146 2316 208 2383 HI,
224 2321 243 2370 6
258 2319 318 2384 (24)
338 2316 384 2370 De
404 2317 528 2371 aborsu
542 2319 617 2386 (post
634 2333 719 2387 pecus
738 2315 862 2370 molliter
881 2315 1105 2370 subtrahendum

560 2396 632 2466 erit).
876 2397 888 2423 ‘

156 2473 227 2542 quia
254 2475 490 2530 abortivorum
513 2475 605 2530 ratio
629 2476 719 2530 omnis
741 2475 901 2545 periculosa
926 2479 955 2532 et
978 2476 1103 2542 difficilis
1118 2492 1145 2533 25

88 2556 137 2622 est,
155 2553 213 2607 nisi
233 2571 284 2609 suo
302 2558 429 2625 tempore
443 2559 472 2610 et
486 2555 571 2611 certis
586 2556 686 2610 diebus
701 2555 879 2626 adhibeatur,
899 2556 990 2627 primo
1003 2557 1050 2612 vel
1064 2558 1104 2611 HI

87 2649 182 2688 manae
201 2637 253 2688 aut
266 2634 292 2688 V
309 2634 357 2689 vel
371 2635 423 2688 VH
441 2636 566 2689 autVlII
584 2636 746 2690 faciendum
765 2639 809 2691 ast
823 2639 852 2691 et
869 2636 901 2690 in
918 2637 976 2691 illis
992 2638 1100 2704 diebus,

87 2712 239 2782 inquibus
259 2713 319 2768 eius
339 2718 483 2769 menstrua
501 2715 597 2769 venire
617 2719 829 2771 consueverunt.

156 2794 233 2863 Ergo
251 2793 399 2849 mulierem
423 2811 498 2863 aqua
521 2794 616 2848 calida
638 2795 733 2849 fovere
752 2811 866 2849 necesse
885 2797 941 2864 est,
965 2797 1015 2848 aut
1038 2797 1103 2863 post

86 2872 190 2927 balnea
209 2873 277 2926 dum
302 2871 395 2926 adhuc
414 2889 514 2942 corpus
538 2873 660 2929 calorem
683 2873 713 2928 in
737 2891 766 2929 se
788 2874 901 2929 retinet.
925 2876 955 2928 et
973 2873 997 2927 si
1016 2890 1102 2926 unam
1116 2889 1142 2928 ao

160 3054 193 3102 11
218 3048 269 3103 flos
292 3048 351 3104 feni
377 3049 495 3122 vfenuffi
518 3044 548 3106 et
574 3050 651 3104 mali
679 3050 811 3105 silvatici
831 3052 847 3105 b
865 3049 942 3118 (fenu
965 3053 1050 3118 greci
1073 3051 1103 3102 et

85 3120 181 3175 florem
199 3119 259 3174 feni
277 3122 307 3174 et
325 3119 449 3174 malvam
463 3120 634 3176 salvaticum
644 3122 656 3192 li
674 3123 734 3176 Vct.
749 3122 815 3192 Rep.
830 3124 905 3175 1756
922 3122 954 3174 ia
972 3135 1024 3189 pac
1038 3126 1102 3188 post

85 3194 149 3247 hoec
167 3193 231 3260 ipsa
245 3198 324 3261 patet
343 3193 446 3246 uacua
464 3195 581 3248 duorum
598 3194 747 3261 foliorum).
812 3195 845 3244 12
860 3192 924 3246 3-C
940 3192 991 3257 (sic
1005 3195 1056 3256 ter)
1077 3192 1100 3244 b.

87 3303 119 3352 ra
136 3274 259 3366 rapsa
278 3299 302 3351 o.
375 3296 443 3351 nico
463 3300 486 3353 a
558 3299 623 3351 usto
642 3298 665 3352 c.
740 3301 773 3350 15
792 3293 861 3350 beta
878 3296 901 3349 a
978 3266 1062 3364 taes,
1077 3297 1100 3350 a

86 3374 119 3422 21
139 3369 258 3423 devoret
276 3367 434 3422 masculum
452 3367 575 3436 concipit
595 3369 647 3434 (sic
664 3369 774 3430 iterum)
792 3368 815 3422 b.
921 3370 955 3419 26
974 3367 1022 3421 hoc
1039 3384 1098 3435 cop.

86 3441 156 3494 dac
173 3441 205 3493 ic
228 3439 286 3494 cod.
302 3439 363 3494 Vct.
382 3439 696 3510 ch.1756(cficupra
714 3439 752 3493 ad
764 3455 788 3494 o.
799 3441 856 3506 11),
875 3437 1100 3508 Bamberpeasem

86 3517 177 3565 cmm
195 3512 228 3565 tn
245 3511 298 3564 tac
311 3516 393 3578 parte
411 3511 476 3565 libri
496 3511 583 3566 Prisc.
604 3511 718 3581 repleri.

137 3608 273 3650 rnatum
288 3607 428 3661 Prlaclannr,
442 3609 478 3650 ad.
493 3609 576 3651 Bosa.
910 3603 950 3653 ‘aa
