2392 3922
147 185 215 249 494

166 346 288 400 minibus
307 345 352 399 vel
372 363 390 400 a
404 345 582 400 salsamentis
597 346 627 398 et

166 419 202 471 ab
230 416 397 472 acrimonia:
426 435 492 472 uam
516 419 556 472 sic
578 418 626 470 ba·

166 491 227 543 beat
254 490 356 543 codices
381 490 490 558 antiqui
512 505 530 542 a
547 488 627 557 legu-

165 559 242 612 mina
265 558 330 628 (vel)
349 576 367 613 a
386 559 557 614 salsamenta
576 560 626 628 (et)

165 631 201 684 ab
226 630 381 684 acrimonia
400 633 428 697 (i.
448 649 468 686 e.
492 631 529 685 ab
555 628 626 683 acri-

164 701 284 768 moniis).
309 703 354 757 Ps.
370 702 446 758 Pau.
465 702 625 770 fl37⁰Bas

165 788 199 826 ex
218 772 392 843 agrimoniis.
416 805 449 813 -
474 775 508 842 cf.
538 771 625 826 caeri-

164 845 260 899 monia
275 847 314 914 pt.
335 847 379 914 (=
394 844 536 912 caritates,
555 863 581 898 a.
599 861 624 898 0.

165 932 255 985 carus,
265 924 297 972 ut
308 915 524 970 sanctimonium
533 934 552 970 a
562 931 625 968 san-

166 990 246 1056 ctus).

147 1072 321 1114 acremones
340 1059 451 1128 (vitium
473 1057 572 1112 molles
590 1083 623 1102 =

165 1129 326 1200 ἀκρεμόνες)
336 1135 361 1199 2,
377 1136 410 1184 65
421 1157 455 1176 --
465 1146 562 1198 cymae
579 1146 624 1184 ea-

161 1203 294 1270 plicando
307 1204 342 1256 rb
353 1203 411 1270 (ubi
425 1219 458 1257 ex
469 1202 625 1256 contectura

167 1272 223 1326 aa.
256 1289 381 1326 racemos
411 1273 496 1340 infert
527 1279 552 1327 ct
579 1288 624 1325 ca·

163 1342 292 1412 preolos).
319 1345 418 1412 scripsi
442 1344 623 1424 190102010-

163 1429 309 1467 monorum
328 1431 381 1482 pro
406 1429 624 1467 acrimomorum

163 1487 289 1551 (—arum
307 1484 346 1552 B)
366 1484 423 1538 VB.
443 1492 493 1552 τῆς
511 1483 623 1552 δάφνης

164 1551 193 1607 oi
213 1555 365 1624 ἀκρεμόνες
388 1555 433 1609 Ps.
456 1554 518 1609 Gai.
539 1555 623 1622 XIV,

163 1629 219 1679 469
237 1633 283 1680 etc.

146 1710 271 1753 sorenes
284 1699 332 1766 (sic
346 1699 421 1753 codd.
437 1725 471 1744 =
486 1699 562 1766 acra)
576 1713 622 1750 oa-

162 1785 276 1837 prarum
295 1768 354 1823 sive
372 1785 520 1838 porcorum
539 1774 567 1832 2,
589 1773 621 1822 61

164 1867 198 1885 =
230 1840 353 1910 ungulae
384 1842 421 1896 ab.
459 1841 493 1908 cf.
531 1839 621 1894 Esset.

165 1915 210 1978 (=
230 1913 337 1981 Aurei.)
361 1930 420 1982 cap.
444 1915 476 1968 dc
495 1912 622 1981 pthisicis

165 1985 216 2049 (ed.
236 1987 367 2052 11231).-
397 1983 493 2053 capita
519 1982 623 2051 pedum

162 2053 348 2122 porcellorum
359 2057 410 2123 (sic
427 2057 484 2110 cod.
504 2054 530 2109 S.
549 2054 622 2108 Gall.

162 2133 187 2179 et
207 2126 276 2193 002,
295 2126 391 2195 capita
409 2129 437 2180 et
455 2127 541 2195 pedes
559 2141 623 2193 por-

163 2196 297 2250 cellorum
306 2199 388 2268 Aac,
407 2205 438 2252 ut
452 2197 556 2267 capita,
574 2212 622 2264 pe-

163 2268 211 2321 des
226 2268 413 2336 porcellorum
426 2272 478 2337 ed.)
492 2271 543 2322 aut
556 2268 622 2321 hae-

163 2339 262 2392 dorum
271 2339 301 2392 in
315 2340 429 2408 ptisana
443 2342 531 2394 cocta.
548 2339 620 2394 Coss.

163 2409 221 2463 Fer.
238 2428 267 2478 p.
284 2414 332 2477 92,
351 2415 388 2464 12
407 2413 457 2473 (od
477 2412 620 2479 putasses)

162 2480 267 2548 agnina
281 2479 326 2534 vel
335 2481 459 2535 haedina
471 2481 567 2549 capita
576 2480 621 2535 vel

160 2550 245 2618 pedes
265 2567 334 2617 quos
354 2551 501 2620 appellant
519 2552 621 2620 cepha-

160 2620 286 2688 lopodas.
295 2638 400 2675 —acra
412 2623 516 2691 Cossp.
525 2628 619 2690 60,16.

50 2711 52 2715 ⁴
161 2708 225 2745 acro
248 2691 387 2761 porcinus,
416 2710 531 2747 acrones
558 2711 620 2748 ver-

160 2762 252 2817 vecini
271 2764 364 2834 Pelap.
381 2767 472 2833 (tad).

145 2833 298 2903 [acuculas
307 2835 406 2903 pineas
415 2834 520 2890 virides
529 2837 619 2892 bAdd.

157 2924 186 2976 p.
203 2911 318 2975 328,17
336 2908 373 2961 od
386 2911 414 2976 2,
429 2912 470 2962 91.
491 2909 619 2963 PaPh'a.

161 2981 254 3045 133⁶.
274 2983 322 3032 210ὁ
340 2979 407 3034 Bos.
427 2981 461 3047 cf.
481 2981 572 3035 Marc.
589 2998 619 3049 p.

161 3053 227 3116 220,
239 3054 257 3103 6
266 3050 304 3103 H.
325 3049 459 3104 acuculae
477 3050 561 3119 pinus
579 3050 620 3105 vi-

160 3120 238 3174 ridis.

143 3193 249 3246 acutae
262 3191 353 3246 febres
368 3192 413 3247 vei
428 3192 619 3262 aegritudines

161 3269 225 3331 2,1.
245 3265 343 3316 acutas
361 3280 455 3318 omnes
474 3264 619 3333 passiones

161 3340 185 3401 2,
201 3341 225 3388 8.
246 3339 280 3386 39
299 3342 345 3389 eto.

143 3405 195 3458 ad:
212 3405 249 3457 ad
260 3404 463 3459 detractionem
476 3406 622 3476 sanguinis

161 3475 304 3529 cunctatio
312 3492 375 3531 raro
383 3476 563 3546 peccaverit2
580 3483 613 3531 10

160 3544 198 3596 ad
217 3548 294 3612 (corr.
319 3547 385 3616 abt)
408 3547 534 3601 ciborum
558 3564 622 3601 con-

598 186 720 240 INDEX.

697 343 848 399 tinentiam
868 346 918 415 (B,
945 344 1073 399 ciborum
1095 362 1155 400 cou-

698 415 821 471 tinentia
839 420 864 483 b)
876 461 881 471 .
894 460 899 470 .
912 461 917 472 .
932 416 1053 471 relevati
1072 423 1096 486 2,
1116 422 1154 472 43.

699 519 732 526 -
753 487 802 558 [ad
820 490 935 542 modum
945 491 989 558 (=
1004 505 1056 543 rec.
1071 487 1155 542 modi-

699 563 771 628 cum)
799 561 890 615 Aaou.
919 562 952 615 de
979 576 1031 614 ces.
1061 591 1095 600 -
1122 559 1156 612 ad

699 633 835 698 quantum
862 629 996 684 habueris
1019 631 1087 685 Aut.
1108 631 1154 685 Br.

699 706 740 755 10.
762 702 845 756 semis
864 702 902 755 ad
923 701 1078 770 scripulum
1095 701 1155 755 mit·

696 772 734 826 tis
751 778 792 828 72.
812 774 849 826 ad
868 772 994 827 cocleare
1008 773 1156 827 manducet

698 849 758 913 133,
778 844 816 897 26
830 843 956 899 cocleare
970 843 1105 898 fundetur
1118 849 1154 898 17.

699 947 730 954 -
746 915 784 969 ad
797 932 920 984 pennam
937 913 1025 969 fricas
1043 920 1103 969 173.
1121 915 1155 968 ad

698 1003 817 1040 cannam
841 985 941 1040 scribis
956 991 998 1041 53.
1021 985 1104 1040 dabis
1122 986 1156 1040 ad

696 1057 842 1126 potionem
860 1057 996 1112 coclearis
1013 1057 1097 1111 unius
1108 1063 1155 1111 136

697 1128 790 1199 (dabis
809 1128 840 1182 in
857 1128 973 1198 potione
993 1131 1046 1198 62).
1069 1161 1102 1168 -
1121 1128 1156 1181 ad

697 1199 889 1254 assellandum
915 1199 1085 1254 intestinum
1112 1201 1156 1254 de-

697 1270 808 1329 scendit
831 1276 889 1326 128.
917 1276 977 1326 130.
1128 1277 1130 1282 ’

678 1343 728 1397 ad·
746 1344 779 1396 ia
791 1359 875 1412 comp.
888 1359 957 1397 usas
969 1342 1072 1397 00111012
1085 1342 1156 1396 auti-

696 1416 745 1483 qai
754 1414 921 1484 Vexempta:
933 1413 1155 1469 adcommodabo

696 1491 720 1553 2,
731 1490 773 1538 35.
793 1486 971 1540 adcurandus
986 1491 1013 1552 2,
1028 1490 1070 1539 72.
1091 1483 1156 1538 affa-

694 1556 852 1625 1112217.
888 1556 1052 1611 afficiuntur
1071 1562 1096 1624 2,
1116 1561 1154 1609 16.

694 1626 912 1683 affluentissima
930 1635 955 1698 2,
974 1633 1017 1682 32.
1058 1628 1156 1696 adgre-

695 1697 757 1751 diar
771 1704 787 1750 2
801 1699 854 1767 prs.
875 1700 1048 1781 adgregatus
1058 1704 1084 1768 2,
1099 1703 1154 1752 107.

694 1767 832 1824 allaturus
843 1777 868 1840 2,
884 1777 907 1824 6.
928 1770 1063 1840 alhgatos
1079 1774 1154 1838 2,11.

695 1839 837 1895 admisceo
852 1848 877 1910 2,
893 1847 935 1896 27.
951 1847 985 1896 93
1002 1843 1081 1909 (bis).
1108 1840 1155 1895 ad-

694 1911 795 1967 misces
805 1919 830 1981 2,
841 1919 883 1967 99.
911 1912 1071 1967 admiscens
1079 1917 1105 1980 2,
1116 1916 1154 1964 78.

695 1982 883 2039 admiscentes
894 1989 918 2052 2,
935 1990 976 2039 29.
1001 1983 1155 2037 admiscere

695 2059 719 2122 2,
741 2060 781 2108 73.
811 2054 1006 2123 ammisceo2,
1028 2061 1070 2109 14.
1098 2071 1155 2108 am·
1181 2118 1186 2125 ,

693 2124 813 2180 miscens
828 2133 853 2194 2,
869 2131 910 2181 10.
930 2129 966 2195 (2,
981 2129 1035 2194 99).
1060 2125 1156 2179 admo-

694 2214 746 2251 veo
766 2205 791 2267 2,
812 2203 870 2266 107.
900 2196 1058 2252 admovebo
1074 2204 1098 2266 2,
1114 2201 1154 2250 72.

696 2285 841 2323 ammoveo
858 2271 908 2336 (sic
920 2286 1024 2338 semper
1037 2273 1065 2336 r)
1076 2274 1101 2337 2,
1120 2272 1153 2320 27

693 2342 770 2408 (bis).
791 2340 976 2394 ammovenda
995 2345 1019 2408 2,
1034 2345 1078 2394 27.
1095 2355 1155 2412 1212-

694 2411 778 2465 motis
798 2419 829 2480 2,
850 2454 878 2466 .,
908 2427 1055 2465 ammoneo
1072 2414 1110 2479 (r)
1130 2415 1154 2477 2,

695 2487 736 2536 58.
757 2490 789 2551 3,
809 2488 850 2536 29.
888 2481 1043 2536 ammoneri
1062 2486 1092 2551 2,
1113 2487 1153 2535 61.

694 2557 915 2624 ammon(u)eant
929 2560 953 2622 2,
973 2558 1015 2608 86.
1049 2568 1155 2606 ammo·

692 2624 809 2679 nitionis
835 2631 864 2694 2,
888 2631 911 2680 3.
952 2623 1155 2678 ammonitione

693 2702 724 2764 2,
750 2702 791 2751 14.
829 2713 897 2765 app·
929 2713 1031 2764 semper
1060 2697 1155 2764 (iater-

693 2768 767 2834 dam,
784 2775 816 2823 at
829 2786 889 2835 rea,
910 2770 992 2823 ctiam
1005 2783 1067 2835 ap-:
1087 2781 1155 2834 apa-

692 2838 820 2892 rentibus
835 2845 859 2907 2,
875 2845 917 2893 24.
937 2840 1070 2908 apetente
1090 2842 1114 2903 2,
1129 2842 1154 2890 4.

692 2909 818 2978 apositos
843 2917 871 2978 2,
896 2914 931 2963 84
958 2911 992 2978 cf.
1017 2909 1091 2964 Sero.
1118 2908 1156 2961 ad

692 2982 761 3036 Aea.
781 2986 807 3049 1,
830 2986 885 3036 616
904 3000 933 3051 p.
950 2985 1007 3036 220
1033 2981 1155 3047 Titum:

693 3069 813 3121 appono,
832 3052 1027 3121 apprehendit,
1054 3066 1155 3120 appro-

692 3123 833 3192 barimus,
866 3123 1072 3193 approbatione
1106 3128 1153 3176 etc.

692 3194 825 3249 adriserit
840 3201 863 3264 2,
880 3201 921 3251 66.
941 3194 1118 3263 arripiendus
1129 3197 1154 3259 3,

694 3271 737 3319 31.
761 3267 912 3320 adsensum
931 3272 956 3334 2,
970 3271 995 3321 2.
1015 3267 1154 3319 assertore

694 3342 710 3389 2
722 3338 779 3406 prs.
803 3338 958 3406 (adsertore
983 3338 1056 3392 solus
1077 3335 1154 3402 Get).

695 3408 862 3462 asseverabo
882 3414 907 3476 2,
922 3413 963 3462 27.
991 3407 1156 3461 asseverant
1186 3464 1190 3471 ⁸

695 3553 834 3616 2,17.36.
853 3552 910 3602 164.
930 3562 1050 3614 aspargo
1067 3555 1091 3616 2,
1112 3553 1154 3602 67.
