2392 3924
74 189 118 253 44
385 191 576 242 THEODORI
593 189 774 242 ramolam

75 355 265 415 adiutorium.
313 356 441 434 accipies
472 354 586 415 cocleas
618 357 748 414 minutas
777 351 858 413 albas
886 372 1012 415 numero
1042 354 1095 416 du-

76 450 186 503 centas
219 445 246 503 is
259 445 339 503 tritis
363 442 542 504 admiscebis
563 461 682 504 murrae
702 449 732 502 et
749 444 826 503 turis
843 442 971 504 masculi
988 445 1094 504 uncias

76 531 207 610 singulas
235 538 265 591 et
291 550 346 611 pro
374 531 582 610 cataplasmate
609 550 677 592 raso
706 533 796 610 capiti
823 532 961 610 impones
989 531 1097 593 diebus

75 620 152 680 Vllll
176 621 326 680 continuis
347 638 586 699 permansurum.
627 618 750 680 naribus
768 637 839 679 vero
860 619 1032 698 specialiter
1051 622 1093 681 sic

49 708 253 769 smedeberis.
300 727 404 769 sucum
437 716 562 789 nepetae
595 707 739 790 (herbae,
772 726 861 786 quam
888 710 990 786 graeci
1017 708 1092 770 cala·

75 797 212 857 minthen
234 794 362 878 vocant>
386 798 559 876 frequenter
582 797 715 879 infunde,
739 803 790 856 aut
811 796 947 858 eiusdem
966 799 1093 858 siccatae

75 893 106 946 et
124 892 265 946 contusae
284 886 438 964 pulverem
455 905 510 966 per
525 885 681 946 cannulam
695 884 855 947 insufflato.
883 892 934 946 aut
947 884 1093 946 batrachii

75 973 186 1034 herbae
210 993 315 1036 sucum
339 993 407 1035 cum
430 975 517 1035 melle
542 977 744 1035 commixtum.
791 981 821 1034 et
844 992 935 1035 sucus
958 992 1093 1036 rosarum

77 1071 179 1124 coctus
206 1083 302 1142 usque
331 1066 363 1124 in
390 1059 532 1144 (mellis)
561 1063 775 1143 pinguedinem
802 1065 844 1122 ita
862 1061 1004 1141 'prodest
1052 1066 1092 1123 sic

37 1165 62 1206 ro
76 1155 130 1212 iris
162 1151 294 1232 illyricae
327 1159 357 1212 et
390 1153 566 1213 sandaracae
593 1152 691 1232 pulvis
719 1170 757 1212 ex
785 1168 879 1230 aequo
910 1169 980 1211 eum
1007 1151 1093 1212 melle

77 1243 263 1302 commixtus.
310 1243 353 1301 sio
386 1240 528 1319 gallarum
561 1248 591 1301 et
622 1258 741 1302 murrae
771 1238 925 1318 pulverem
954 1239 1095 1300 similiter

77 1349 145 1390 cum
170 1328 258 1389 melle
282 1331 475 1389 commixtum
499 1328 663 1389 adhibebis.

22 1415 65 1478 43
165 1416 281 1496 polypis
309 1420 409 1495 itaque
438 1417 663 1478 imminentibus
692 1419 770 1477 aeris
800 1415 904 1476 florem
929 1424 960 1477 et
984 1418 1093 1496 sinopi-

76 1506 144 1566 dem
172 1524 208 1565 ex
237 1523 330 1583 aequo
359 1505 517 1567 combures
546 1514 576 1567 et
603 1523 640 1566 ex
667 1524 702 1566 eo
730 1505 852 1585 pulvere
876 1504 941 1565 loca
966 1505 1092 1566 sanabis.

37 1601 107 1654 raet
130 1611 223 1654 cornu
247 1596 360 1654 cervini
383 1594 532 1655 combusti
559 1595 657 1675 pulvis
681 1612 749 1655 cum
773 1593 933 1653 sandaraca
956 1594 1095 1654 similiter

77 1682 279 1760 aspergendus
318 1690 371 1743 est.
425 1686 469 1743 sic
500 1683 641 1762 bryoniae
679 1683 794 1742 radices
828 1680 1016 1764 combustae,
1052 1685 1094 1742 sic

77 1773 288 1849 auripigmenti
311 1771 408 1850 pulvis
432 1791 500 1832 cum
524 1772 619 1832 melle.

148 1929 162 1976 1
183 1923 305 1994 accipies
323 1926 372 1979 rb:
392 1923 489 1994 —pias
506 1925 573 1992 θεῖ,
593 1924 671 1994 —pis
689 1926 725 1980 B.
781 1925 917 1978 ducentas
932 1924 981 1978 rB
994 1923 1093 1980 θεῖε

76 1994 118 2050 OC
137 1993 255 2050 etiamb
274 1994 310 2064 (V
334 1995 428 2062 Cassi.
486 2002 502 2048 2
521 1994 566 2048 his
584 1995 660 2048 tritis
680 1997 704 2063 b,
724 1994 807 2049 tritas
825 1994 870 2048 his
888 2012 911 2062 r,
930 1993 1008 2048 tritis
1027 1994 1094 2063 θεῖ,

75 2065 190 2120 intritae
208 2067 244 2122 B.
295 2065 466 2120 immiscebis
487 2066 554 2134 θεῖ,
574 2065 712 2120 admisces
731 2065 802 2135 (-is
820 2069 845 2135 r)
863 2065 922 2131 rB,
940 2064 1055 2120 amissis
1070 2067 1093 2120 b.

75 2136 173 2191 uncias
193 2135 320 2208 singulas
343 2138 371 2191 B
383 2138 455 2193 Get:
477 2142 512 2190 ar]
531 2141 567 2205 ἡ
585 2137 605 2191 I.
625 2156 641 2193 r
662 2139 707 2208 (sc.
731 2136 800 2190 mire
818 2149 855 2196 -ζ-
872 2135 893 2190 I.
912 2134 992 2189 Thus
1021 2153 1094 2191 mas·

76 2208 171 2261 culum
188 2222 224 2266 ÷
242 2209 262 2262 I.
282 2215 314 2263 ut
331 2209 411 2263 habet
429 2210 464 2276 b).
573 2210 638 2261 det
656 2209 755 2263 odet:
774 2225 824 2263 om.
843 2208 894 2262 Br.
1006 2205 1093 2277 capiti

76 2279 157 2334 er:
175 2280 237 2331 —te
246 2278 305 2335 θεῖ.
369 2278 495 2348 impones
512 2280 580 2348 θεῖ,
596 2279 674 2332 -nis
687 2281 737 2334 rb:
753 2296 803 2334 om.
818 2279 854 2333 Β.
910 2277 1068 2348 bnepitae(
1084 2280 1095 2347 )

75 2349 213 2403 rbBGel.
321 2348 565 2403 herbae-vocant
579 2351 594 2402 b
610 2352 670 2417 (abi
689 2348 832 2418 calamita)
846 2354 871 2403 et
886 2348 959 2404 θεῖε
974 2367 1055 2405 om.r
1088 2391 1094 2403 .

77 2424 92 2470 6
111 2417 228 2471 infunde
241 2419 299 2487 rB‚
319 2419 381 2471 -d'
397 2421 425 2474 b:
444 2419 549 2472 inferas
569 2418 627 2474 θεῖ.
702 2419 896 2474 lcamulam:
914 2421 956 2474 sic
969 2421 1094 2486 Βῖθεῖ,

76 2488 216 2542 calamum
234 2507 250 2543 r
268 2491 354 2556 (docte
369 2515 402 2534 =
418 2489 466 2543 διὰ
484 2489 611 2558 καλάμου
629 2508 669 2561 pr.
689 2492 725 2558 cs,
746 2491 818 2546 Cass.
834 2508 864 2560 p.
880 2495 926 2557 63,
940 2493 995 2560 12).

75 2558 221 2612 insufflato
239 2561 275 2613 rb
294 2555 416 2628 (ἕμφύσα
434 2561 500 2630 psl:
520 2560 668 2613 exsufflato
687 2562 715 2615 B
727 2563 784 2617 θεῖ.
875 2560 1046 2634 hathraohie
1059 2563 1095 2631 Β,

75 2628 273 2702 barbatraeiap
294 2631 361 2697 θεῖ,
380 2629 506 2702 botracie
527 2632 557 2699 b,
574 2631 697 2684 batracii
715 2632 752 2701 (h.
776 2632 869 2686 idest
892 2631 973 2714 appii
995 2632 1094 2688 viridis

75 2702 150 2769 odd.)
169 2718 191 2753 r.
266 2705 427 2753 Brosarum
445 2702 598 2757 Berele
619 2699 698 2772 ῥοιᾶς
715 2721 755 2773 pr.
818 2705 1003 2756 commixtum
1023 2704 1094 2760 θεῖε

76 2770 233 2824 admixtum
251 2771 279 2824 B
298 2771 427 2839 (mixtum
446 2773 480 2841 b).
555 2778 571 2826 9
591 2775 686 2827 coetus
705 2790 794 2842 usque
812 2773 850 2826 ad
865 2772 969 2841 (mellis
988 2776 1053 2830 odd.
1069 2776 1096 2844 b)

75 2841 153 2912 ping.
174 2843 268 2911 ὸθεῖ,
287 2844 381 2898 coctos
400 2860 489 2911 usque
507 2842 538 2897 in
555 2863 582 2914 p.
601 2862 632 2900 r:
651 2848 840 2913 contususque
859 2847 890 2898 in
907 2863 934 2914 p.
955 2845 990 2899 B.
1051 2845 1094 2899 ita

75 2915 196 2968 abdel:
215 2911 284 2967 item
302 2915 337 2969 Β.
412 2918 446 2967 10
464 2916 494 2968 et
512 2916 685 2969 sandaracae
703 2917 763 2971 rB:
782 2934 833 2971 occ.
854 2915 938 2970 bGel.
1000 2915 1094 2986 pulvis

134 2983 301 3038 commixtus
320 2986 397 3054 (-t1'r
416 2989 440 3055 r)
458 2987 494 3040 rb
507 2987 578 3041 θεῖε
596 2986 726 3056 pulveres
746 3002 768 3041 e.
788 3003 813 3040 a.
829 3001 852 3040 c.
871 3003 908 3040 m.
928 2987 1095 3041 commixtos

77 3055 226 3110 adhibebis
245 3057 273 3110 B
292 3058 340 3126 qui
358 3074 408 3111 oms,
427 3075 451 3112 c.
466 3062 581 3112 11-12.
666 3063 697 3110 11
716 3057 861 3127 pulverem
880 3072 944 3110 cum
962 3075 999 3112 m.
1021 3074 1096 3112 oom-

75 3126 195 3180 mixtum
219 3126 350 3181 similiter
373 3126 522 3181 adhibebis
545 3147 571 3184 r:
600 3127 694 3198 pulvis
722 3127 854 3181 similiter
882 3143 946 3182 cum
968 3146 1007 3184 m.
1032 3145 1094 3184 con-

74 3197 159 3251 tritus
179 3197 330 3252 adhibetur
350 3199 408 3253 θεῖ.
424 3197 578 3268 (pulverem
596 3215 630 3252 ex
649 3214 720 3267 equo
738 3198 859 3252 mixtum
877 3214 941 3251 eum
959 3199 1094 3269 mellei).

77 3273 110 3321 13
129 3268 342 3323 imminentibus
363 3269 434 3326 θεῖε
455 3269 643 3324 eminentibus
662 3271 710 3324 rB
728 3272 788 3339 (om.
809 3272 845 3339 h),
937 3269 1096 3340 sinopidem

75 3340 157 3394 Bbr:
177 3338 308 3410 sinopida
327 3340 385 3396 θεῖ.
405 3342 511 3410 (pileos
530 3359 579 3412 yn,
598 3342 633 3408 cf.
655 3341 717 3395 θεῖ.
737 3342 814 3408 ΧΙΙ,
832 3343 906 3409 685).
968 3347 1003 3394 14
1022 3358 1095 3396 corn·

75 3409 158 3462 bures
175 3411 248 3466 θεῖε
265 3410 338 3465 -ris
352 3413 429 3467 Bbr.
481 3417 515 3466 16
530 3412 719 3482 aspergendus
733 3413 769 3465 rb
782 3412 853 3466 θεῖε
869 3412 1044 3481 spargendus
1058 3412 1092 3466 B.

75 3480 116 3534 br.
145 3480 230 3552 herbe
257 3481 367 3536 radices
390 3483 430 3551 Β,
458 3481 499 3537 br.
523 3481 627 3536 radicis
651 3482 736 3556 herbg
756 3501 771 3536 r
795 3481 891 3555 (heer
915 3499 966 3538 om.
987 3482 1092 3552 edet).

77 3557 109 3604 17
129 3551 294 3606 summelle
313 3552 444 3606 similiter
461 3554 547 3622 (add.)
564 3571 587 3608 r.
