2392 3922
291 737 542 809 Antidotarium
568 739 668 808 Brux.
697 735 891 808 secundum.

35 879 78 945 64
176 881 224 941 ld
244 882 376 960 capitis
395 879 554 939 dolorem
572 887 606 939 ut
628 881 660 939 in
681 878 743 941 sole
761 897 823 940 non
841 877 949 941 doleat.
972 880 1095 940 radicem

88 970 180 1049 puleii
207 977 275 1050 post
303 987 404 1030 auram
432 970 583 1029 sinistram
614 966 768 1029 baiulalris.
801 968 897 1029 ltem.
927 967 1095 1048 quandote

74 1059 241 1143 levaveris,
264 1067 422 1138 antequam
444 1053 519 1136 <in>
543 1056 651 1118 solium
678 1057 855 1138 descendas,
883 1056 921 1117 de
945 1075 1037 1118 manu
1062 1058 1095 1116 si·

89 1151 183 1209 nistra
205 1149 322 1209 haurite
341 1164 447 1226 aquam
466 1153 496 1207 et
518 1164 607 1225 supra
625 1146 782 1208 cerebrum
800 1153 848 1208 ter
865 1149 987 1207 mittito.
1018 1146 1122 1207 ltemt

89 1237 193 1297 aliud.
216 1255 361 1316 papyrum
383 1242 468 1295 tenes
491 1234 679 1297 inmanibus
701 1237 762 1296 tuis
780 1242 811 1295 et
832 1237 970 1296 nominas
991 1243 1097 1314 septem

88 1325 192 1385 viduas
220 1343 293 1404 quas
325 1326 417 1404 nosti,
450 1331 480 1384 et
507 1325 580 1385 lacis
613 1332 728 1403 septem
754 1324 849 1385 nodos
877 1326 910 1384 in
938 1342 991 1406 eo,
1017 1326 1096 1385 etin

89 1413 185 1472 fronte
204 1412 318 1491 ligabis.
342 1411 438 1472 Item.
457 1414 526 1472 vitis
541 1412 623 1474 albae
638 1417 780 1475 corticem
799 1412 967 1474 comburito
987 1420 1019 1474 et
1034 1415 1096 1473 mis-

89 1519 160 1560 cens
184 1520 252 1560 cum
274 1500 374 1561 vitello
398 1503 446 1560 ovi
468 1501 556 1562 linias
580 1505 612 1562 in
635 1503 741 1564 fronte.

178 1599 478 1657 ΠΡΟΟΤὰΝΤὰΕΟΕ.
1108 1617 1126 1659 ιο

37 1676 80 1742 65
178 1679 226 1748 Ad
250 1698 403 1740 morsum
428 1681 659 1758 serpentium.
682 1682 859 1760 gentianam,
882 1680 1099 1742 aristolochiam

91 1769 261 1850 rotundam,
279 1769 356 1830 lauri
373 1768 462 1829 bacas
480 1776 634 1850 purgatas,
652 1787 784 1829 murram
802 1770 906 1847 aequis
920 1769 1100 1848 ponderibus

90 1867 193 1919 tunsas
217 1859 364 1920 admisces
387 1857 468 1918 melli
491 1860 612 1937 optimo.

38 1946 80 2010 66
180 1948 228 2009 Ad
251 1949 520 2008 hemicranium.
553 1949 636 2008 canis
662 1948 774 2007 mortui
801 1945 923 2025 capillos
948 1945 985 2006 de
1010 1948 1101 2026 capite

90 2036 170 2097 tollis
195 2037 231 2097 de
255 2037 371 2098 duobus
399 2036 499 2116 digitis
528 2043 558 2096 et
579 2035 653 2116 pulli
680 2037 803 2116 mortui,
831 2041 861 2095 et
889 2034 937 2095 die
967 2036 1100 2115 sequenti
1112 2043 1131 2085 1⁵

91 2128 214 2186 minimo
238 2130 270 2186 in
292 2125 413 2187 linteolo
438 2126 474 2186 de
497 2125 566 2186 licio
590 2128 622 2185 in
645 2124 720 2185 eollo
744 2124 910 2202 suspendis.
939 2123 1038 2185 ltem.
1060 2143 1102 2189 ra·

92 2216 174 2275 dices
194 2215 285 2276 salsas
304 2216 399 2276 ralani
420 2223 493 2296 tere,
516 2233 591 2293 quae
610 2214 799 2275 adhaeserint
815 2212 885 2273 tolle
905 2219 935 2272 et
953 2220 1020 2275 tere
1040 2231 1104 2275 cum

68 2311 175 2363 aceto
199 2306 269 2384 acri,
293 2311 323 2365 et
344 2303 399 2363 lini
421 2303 646 2364 hemicranium.

40 2391 80 2453 67
181 2390 229 2451 Ad
248 2390 476 2469 gravedinem
495 2394 643 2452 aurium.
666 2389 707 2451 lel
721 2392 884 2471 caprinum,
902 2389 963 2449 mel
982 2392 1104 2452 atticum

91 2502 234 2573 quantum
253 2504 283 2556 et
308 2495 347 2557 iel
370 2498 470 2578 fuerit,
492 2517 633 2579 murram,
656 2497 754 2558 oleum
773 2500 930 2577 rosacium,
947 2492 1047 2578 <rad>
1071 2497 1135 2558 deu

92 2583 282 2644 chesishoum
295 2585 381 2645 lactis
396 2585 493 2667 simul,
507 2589 539 2647 in
553 2586 733 2648 carbonibus
748 2585 892 2668 calefacis,
911 2587 988 2646 etin
1003 2603 1105 2647 aurem

92 2674 193 2732 mittis

40 2762 82 2826 68
181 2761 229 2822 Ad
252 2762 470 2825 vermiculos
494 2765 545 2845 qui
572 2767 604 2824 in
627 2762 750 2825 auribus
773 2766 836 2825 nati
859 2765 979 2825 luerint.
1008 2782 1105 2825 amur-

94 2870 158 2912 cam
181 2851 344 2933 ealeiacieS,
368 2860 398 2914 et
420 2857 514 2914 mittis
538 2855 570 2913 in
593 2871 703 2914 aurem.

40 2939 82 3002 69
181 2940 230 3001 Ad
257 2941 440 3003 auriculae
469 2941 636 3003 dolorem.
668 2942 751 3019 porri
784 2959 889 3000 sucum
917 2958 986 3001 cum
1013 2941 1107 3001 nardo
1119 2951 1142 2994 ¹⁵

94 3030 257 3112 calefacies,
281 3039 310 3091 et
333 3032 414 3092 intus
437 3032 539 3091 mittis.

164 3189 181 3236 3
200 3182 341 3238 baiolabis
359 3184 396 3239 B.
471 3189 504 3238 10
521 3186 561 3239 sic
577 3182 661 3238 rubro
678 3180 810 3248 emptum
824 3180 924 3251 legitur
936 3183 1023 3248 (idem
1036 3185 1109 3253 quod

92 3269 179 3322 sopra
197 3271 219 3309 e.
234 3258 291 3322 15),
308 3256 355 3310 sed
372 3256 444 3309 athei
462 3256 577 3310 additur
592 3253 681 3312 (lineo
698 3266 754 3307 aon
770 3251 897 3318 expleta).
986 3258 1020 3306 14
1039 3254 1109 3308 emi-

93 3324 224 3390 granium
242 3325 278 3379 B.
335 3331 367 3378 18
387 3323 544 3394 emigrania
561 3325 633 3392 (irie)
650 3324 686 3380 B.
743 3324 777 3373 20
795 3321 907 3376 rosacii‘a
927 3322 962 3376 de
980 3322 1108 3394 hespono

92 3391 177 3446 factis
197 3393 281 3447 simul
294 3397 357 3461 (aie)
372 3396 400 3449 Β
412 3398 475 3451 (ubi
491 3398 545 3463 ed,
563 3400 595 3449 ut
612 3396 690 3461 solet,
708 3392 776 3448 delet
794 3409 864 3460 quae
881 3409 938 3448 nco
955 3395 1107 3466 intelliptt).

93 3464 127 3528 ef.
145 3464 217 3518 Cass.
234 3465 293 3519 Fet.
309 3469 422 3534 p.165,
440 3469 477 3520 15
494 3465 629 3519 radices
648 3466 683 3519 de
702 3461 861 3519 cesisboum
875 3464 991 3533 (bonum
1009 3468 1105 3535 codd).
