2392 3922
138 159 205 224 202
284 179 288 184 ·
459 158 649 210 rnnonoru
667 158 848 212 rarscmru

137 331 209 384 tura
226 322 359 402 prolecto
380 324 504 382 sicciora
526 324 701 383 consistunt.
738 322 814 383 mala
832 321 957 400 cydonia
975 324 1157 383 conveniunt

138 415 170 472 in
188 414 256 471 vino
276 417 367 492 cocta,
386 411 520 491 mespila,
542 411 619 471 mala
637 418 758 490 granata
775 410 863 490 paulo
882 413 1038 490 inmatura,
1058 429 1156 490 amyg-

138 499 203 560 dala
227 518 336 579 amara,
358 498 488 560 thebaici
512 501 611 560 ethis
635 499 752 560 similia.

228 596 317 668 potus
340 606 410 649 vero
434 587 505 648 licet
526 591 633 667 primis
656 586 762 649 diebus
781 607 857 667 aqua
878 586 1008 647 bibenda
1032 589 1072 648 sit
1090 606 1158 667 par-

112 679 215 759 ocins,
239 683 368 737 attamen
392 695 459 737 cum
482 679 585 737 vinum
608 677 737 737 dandum
760 677 867 757 fuerit,
889 675 1069 736 tiburtinum
1093 695 1159 738 sur-

138 768 293 826 ventinum
310 767 473 826 marsicum
494 764 631 847 siculum,
655 765 764 844 quibus
783 767 880 844 primo
899 764 1013 825 ferrum
1036 767 1158 844 igneum

137 854 355 915 infundendum
378 861 431 915 est.
470 857 516 915 sin
539 873 609 914 vero
633 855 740 915 confici
758 857 826 914 vina
849 853 1003 934 placuerit,
1026 855 1061 914 fit
1080 873 1158 933 myr-

137 946 217 1024 tites,
240 944 274 1003 lit
297 943 518 1024 oenanthinum,
541 944 574 1004 fit
598 962 666 1004 cum
684 943 828 1024 mespilis,
851 943 885 1002 iit
904 961 973 1002 cum
992 942 1101 1024 sorbis,
1126 944 1159 1003 iit

138 1033 307 1093 foenicium.
355 1051 429 1111 quae
452 1039 553 1093 tamen
576 1035 675 1092 omnia
698 1034 731 1092 in
753 1033 831 1092 vasis
854 1033 962 1110 picatis
986 1032 1156 1111 reponenda

100 1135 127 1174 10
142 1128 238 1182 erunt.
316 1149 317 1152 ¹

87 1204 150 1269 102
229 1212 327 1269 omnia
359 1209 479 1287 quidem
512 1209 549 1269 de
581 1208 657 1270 cibis
690 1209 842 1288 dispositis
874 1209 1066 1287 percucurri,
1103 1208 1154 1268 sed

138 1297 242 1358 utilius
265 1300 291 1358 si
314 1299 403 1358 unius
432 1300 545 1376 speciei
572 1296 829 1377 subministretur,
859 1303 892 1356 ut
914 1296 1155 1375 Hippocrates

138 1389 180 1447 ait
204 1388 310 1467 „mixti
338 1385 398 1446 cibi
430 1387 576 1446 insimiles
608 1386 700 1448 veluti
731 1392 911 1465 reponentes
940 1387 972 1444 in
1004 1385 1156 1445 stomacho

138 1475 321 1553 digestiones
344 1470 539 1553 impediunt.“

99 1573 125 1614 15
226 1567 363 1642 potiones
386 1581 456 1624 vero
480 1562 526 1623 vel
549 1562 680 1623 antidota
698 1563 780 1623 haec.
822 1581 916 1623 cornu
939 1564 1054 1622 cervini
1078 1580 1158 1623 oom-

139 1697 384 1838 rrrrrr
399 1697 1157 1838 unarranaamaaaa

140 1811 1003 1967 {miffl{maffabthebai⁰{1,‘1¹³⁰⁶ffi{iiamssfidffl⁸³¹?
1031 1812 1158 1963 sperastis}

145 1927 201 2036 {a}
206 1929 249 2038 yet1
259 1913 403 2064 (qvjiaagdh
419 1914 575 2064 gbrbimget
590 1926 798 2063 {bstaierbbp
822 1927 837 1964 θ
856 1926 1025 2050 ἒὶῗῗατᾶἰιιε
1039 1926 1163 2064 Bbtllgls.

141 2052 190 2116 (sit
207 2056 334 2122 paratrus
359 2054 409 2122 V):
430 2053 479 2106 sed
496 2069 609 2123 parcius
627 2071 650 2108 r.
732 2058 748 2106 5
766 2070 865 2106 rmum
883 2054 920 2107 rb
932 2053 1003 2108 aeta
1023 2068 1080 2104 unc
1100 2053 1159 2120 (sic)

145 2124 209 2178 VB.
302 2130 317 2177 6
336 2123 451 2193 quibus:
471 2123 502 2177 in
520 2124 622 2192 quibus
640 2123 807 2179 rVBbGel.
897 2122 1012 2192 igneum
1030 2123 1157 2177 ΝΜ

140 2193 264 2264 ignitum
281 2196 338 2250 Bb.
471 2201 485 2249 '1
505 2195 710 2249 infundendum
729 2196 772 2249 est
789 2194 865 2249 rVB
879 2193 944 2263 (erit
963 2194 1047 2259 Gall:
1068 2192 1159 2246 extin-

140 2267 264 2334 gendum
283 2266 337 2320 erit
356 2268 379 2321 b.
399 2267 434 2333 cf.
450 2272 479 2334 2,
492 2271 536 2320 80.
610 2265 654 2320 sin
672 2266 761 2321 rVB:
780 2265 806 2320 si
824 2265 905 2321 beet.
986 2263 1103 2332 myrtite
1127 2265 1157 2333 V,

140 2339 272 2404 myrter,
291 2336 425 2390 mirtinen
439 2339 463 2405 b,
482 2338 636 2405 myrtatum
654 2337 690 2390 Β.
764 2342 780 2390 8
799 2335 984 2390 oenanthium
999 2336 1030 2402 V,
1048 2335 1159 2405 y(irb)-

139 2406 291 2459 nantinum
308 2407 381 2461 er.
455 2411 471 2458 9
489 2405 631 2460 foenicum
646 2408 717 2473 VB,
736 2407 891 2462 fenicenrir
905 2432 939 2452 =
954 2406 989 2460 de
1008 2405 1124 2460 daetih's
1143 2409 1159 2461 b

141 2476 332 2545 (phoenicium
352 2478 429 2544 cett
515 2475 619 2544 picatis
638 2479 693 2544 (rB
703 2478 779 2546 cer,
818 2477 883 2532 iotis
907 2478 959 2546 V):
978 2476 1115 2531 fictilibus
1135 2479 1158 2532 b.

141 2551 175 2600 10
194 2549 276 2599 erunt
295 2547 350 2600 VB
362 2547 433 2601 Get:
453 2549 575 2601 suntab.
591 2555 655 2617 post
668 2564 698 2601 re
720 2496 831 2602 oxonia
845 2551 911 2602 sunt
929 2550 992 2603 add.
1009 2549 1025 2602 b
1044 2550 1159 2618 (p.123,

140 2618 183 2684 2):
204 2615 258 2680 Qui
276 2616 318 2669 ita
342 2616 533 2672 conficiuntur.
559 2619 600 2670 De
619 2618 695 2672 daot'
712 2619 742 2674 'a
761 2618 808 2673 vel
827 2619 917 2674 sorbis
933 2665 939 2674 .
955 2663 960 2673 .
978 2662 983 2673 .
998 2621 1033 2688 (o.
1050 2621 1088 2687 3).

141 2692 174 2740 11
195 2686 341 2756 dispositis
359 2689 408 2742 rb:
427 2687 558 2756 repositis
583 2690 646 2743 VB.
719 2690 880 2759 percucurri
899 2691 929 2745 V:
948 2689 1074 2760 percurri
1087 2690 1160 2744 er.

142 2763 174 2811 12
193 2757 293 2811 utilius
308 2760 337 2812 br
356 2757 435 2811 utilis
454 2777 478 2825 r,
496 2758 610 2812 ueillius
629 2761 689 2830 (aie)
704 2761 735 2829 V,
753 2760 855 2815 melius
869 2762 904 2816 Β.
1014 2760 1106 2830 spetei
1130 2761 1160 2829 V,

141 2828 246 2899 speciei
263 2829 291 2882 Β
302 2829 373 2884 cei:
393 2828 501 2898 species
520 2829 603 2901 (spes)
622 2833 646 2899 b,
666 2831 789 2900 speciem
806 2850 829 2886 r.
930 2831 1162 2885 subministretur

146 2902 190 2956 Vb
202 2901 273 2956 Get:
292 2901 436 2953 -trentur
453 2900 505 2955 rB.
619 2918 738 2971 ypocras
758 2905 782 2970 b,
800 2907 873 2972 yppi
887 2921 915 2957 r:
934 2904 1101 2972 eppocastes
1125 2903 1154 2957 V

141 2971 342 3052 ypooastenss
357 2970 455 3094 (Hipp,
471 2971 557 3041 ubst).
620 2978 652 3025 13
672 2972 714 3026 ait
731 2973 847 3028 rivulat:
868 2975 918 3026 aut
941 2974 1005 3028 VB.
1078 2945 1169 3026 mixti

142 3043 199 3096 cibi
217 3041 353 3095 insimiles
376 3058 411 3096 ve
446 3044 489 3095 ita
506 3045 673 3112 reponentes
687 3047 754 3114 (rep.
774 3046 846 3098 inter
865 3045 913 3098 liu.
933 3044 1060 3114 corr.)V,
1079 3043 1163 3096 mixti

141 3148 257 3202 insimul
284 3147 374 3202 veluti
399 3150 567 3218 reponentes
586 3150 614 3202 B
630 3148 723 3218 (mixti
745 3147 883 3202 insimiles
906 3148 998 3203 veluti
1022 3127 1104 3205 storb.
1119 3167 1162 3204 re·

141 3222 278 3288 ponentes
297 3220 336 3285 b):
361 3218 458 3273 mixtis
477 3219 614 3274 insimiles
633 3219 723 3273 veluti
747 3218 802 3273 sibi
825 3222 1017 3289 repugnantes
1035 3239 1052 3277 r
1070 3224 1117 3291 (m.
1138 3239 1161 3276 o.

142 3291 171 3343 et
190 3289 296 3345 similes
313 3288 403 3343 veluti
422 3290 477 3344 sibi
495 3293 686 3362 repugnantes
702 3291 779 3358 oet).
832 3295 866 3343 15
884 3290 962 3345 haee.
983 3307 1070 3345 cornu
1085 3309 1109 3347 o.
1125 3309 1162 3347 c:

142 3376 176 3413 ex
195 3361 253 3414 cori
271 3360 377 3413 cervini
392 3362 530 3415 combusti
545 3363 577 3430 V,
596 3379 682 3416 cornu
700 3359 806 3415 cervini
820 3360 961 3415 combusti
970 3362 1007 3428 B,
1026 3379 1060 3416 ex
1075 3380 1163 3418 cornu

142 3431 254 3484 cervino
274 3431 419 3485 combusto
433 3451 448 3488 r
462 3434 526 3505 (hee
541 3435 606 3487 sunt
624 3450 678 3506 que
698 3429 892 3486 dissinterieis.
913 3431 1028 3486 oeliacis
1047 3436 1077 3489 et
1090 3434 1162 3489 lien·

141 3500 237 3555 tericis
255 3500 385 3555 novimus
405 3503 562 3559 subvenire,
582 3520 668 3557 cornu
686 3501 793 3556 cervini
811 3518 834 3555 c.
854 3501 925 3556 cinis
999 3506 1033 3572 b).
