2392 3922
524 181 714 235 GYNAEGIA.
1050 180 1116 243 443

137 341 197 408 (13)
231 337 351 393 Vcretro
383 337 415 391 in
478 341 533 408 (13)
561 337 689 392 iunctum
714 341 765 394 cst.
829 341 885 409 (13)
917 338 968 408 qui
1003 339 1115 393 iunctus

83 409 188 492 (quc)
221 408 335 464 collum.
372 408 415 463 vi·
442 408 544 464 vesica.
560 408 656 463 vesica
670 412 766 463 autom
794 409 1116 464 ostresicecollumlon-

86 499 148 536 sico
166 482 221 535 cot.
241 479 357 534 tonitur.
372 479 414 533 vi·
442 479 518 534 intcr
527 480 597 534 duos
607 495 687 534 rencs
701 496 765 534 con·
793 498 861 550 gum
879 480 929 549 qui
942 484 1054 536 veretro
1072 481 1114 534 in-

86 549 413 607 nicanntcmintcrduoc
441 550 550 605 tinctur
569 551 652 605 detur
666 551 763 606 rentis.
793 554 844 605 est.
868 551 964 606 vesica
988 569 1054 606 vcro
1073 569 1116 607 re·

85 623 163 678 renis
183 620 348 676 contenitur
366 621 414 675 de·
443 624 510 676 sunt
526 624 622 676 autem
636 621 682 674 illi
698 623 764 676 dcx·
792 622 876 676 nibus
887 623 1047 677 continetur
1058 640 1116 678 mc-

86 695 243 749 currentes.
270 693 337 746 sunt
354 691 413 745 illis
441 694 487 746 tra
496 692 616 761 levaque
625 692 706 746 nervi
715 693 764 761 qui
794 693 843 747 dia
878 693 1035 762 utriusque.
1069 710 1116 748 ex·

86 762 414 832 doxtrc.lcvoqucnervi
441 763 589 818 testiculos
609 762 763 820 continent.
793 763 896 832 quibus
924 765 1039 819 renibus
1068 766 1115 820 dc-

87 833 302 905 qnitcoticolus
319 836 414 889 conte·
441 833 500 887 illis
519 851 574 903 que
588 833 680 888 iuncti
698 838 765 889 sunt
792 837 905 889 current
928 836 966 888 ad
989 853 1114 890 nervum.

87 924 157 961 nens
165 905 246 974 qnod
255 904 334 974 greci
344 903 414 959 oris-
440 905 588 960 foramina.
612 921 765 974 perquem
792 905 838 960 vel
871 905 1026 960 testiculos.
1060 924 1115 974 que

87 976 201 1032 matiric
223 976 330 1030 vocant
354 974 413 1029 illis
440 976 606 1030 tenuissime
628 992 700 1030 veno
726 979 763 1031 ab
791 975 869 1046 greci
925 980 1115 1031 cremasteron

87 1049 186 1103 iuncta
204 1048 274 1101 sunt
296 1046 353 1100 duo
371 1046 413 1101 fc·
441 1047 523 1117 opina
542 1050 571 1102 ct
588 1046 715 1101 medulla
733 1048 764 1101 in
790 1049 901 1102 vocant.
917 1047 1020 1114 quihus
1034 1047 1113 1102 iunto

87 1118 198 1174 raminn
220 1133 273 1188 per
298 1133 354 1186 quc
370 1120 413 1172 tc·
440 1117 581 1173 testiculis
600 1134 696 1172 semen
714 1120 763 1172 ad·
791 1121 857 1172 sunt
866 1133 936 1172 veno
948 1117 1113 1173 tenuissime

87 1189 225 1257 nuirsimc
252 1204 343 1243 venae
376 1189 413 1243 ab
440 1189 592 1245 ministrat.
790 1206 920 1258 sperman
935 1189 1113 1243 deducunta

88 1261 170 1332 spina
186 1263 218 1316 ct
235 1258 365 1314 medulla
382 1259 414 1312 in
791 1260 913 1315 cerebro.
928 1259 1065 1384 criffquc
1078 1277 1113 1314 cx

86 1331 238 1387 testiculus
252 1346 351 1384 semen
363 1330 413 1384 ad·
589 1371 593 1377 .
791 1331 871 1404 spino
888 1331 973 1386 medu
997 1348 1021 1387 a.

86 1403 271 1459 meneotmnt.
336 1401 414 1469 quod

87 1474 162 1545 greci
171 1474 354 1544 pcrmctccus
363 1488 413 1541 po·

86 1564 131 1600 rus
149 1543 310 1616 appellant.
