2392 3922
503 145 692 202 GYNAECIA.
1040 145 1107 209 463

158 303 271 358 Lucas
286 301 413 357 christi
428 318 547 357 servus
564 306 597 356 et
610 303 790 372 medicus*)
800 302 930 357 omnibus
945 304 1106 358 christianis

88 376 116 430 et
142 373 264 429 medicis
292 373 364 428 baec
391 373 522 443 epistola.
550 376 663 429 constat
686 373 871 444 hypocratem
895 374 1035 429 medicum
1057 391 1107 444 per

87 448 217 516 tempora
240 461 293 499 sua
317 461 431 515 pagana
455 443 600 514 scripsisse
624 444 777 502 volumina.
805 448 835 500 et
856 445 922 500 ideo
945 445 987 500 ibi
1010 445 1107 514 aliqua

87 533 148 572 esse
166 516 298 571 obscura.
318 515 440 584 quedam
457 531 524 570 vero
542 515 688 585 generalia
706 515 780 571 sicut
798 519 842 570 est
860 516 933 571 illud
953 517 1020 572 ΝΠ.
1041 516 1107 571 stel-

87 587 122 642 lis
141 587 240 641 omnia
257 585 429 642 ministrare.
454 602 538 655 quern
556 587 678 657 gentiles
698 587 852 641 eredebant
871 604 905 642 cx
924 588 983 643 sole
1001 588 1107 643 habere

87 657 227 729 spiritum.
252 673 287 712 cx
309 657 379 711 luna
397 673 505 727 corpus.
534 674 568 712 ex
590 661 695 713 martes
715 658 799 713 stella
817 658 963 714 fervorem.
983 676 1018 714 ex
1036 676 1107 713 mer-

87 729 158 784 curii
181 727 299 784 stellam
321 727 451 798 linguam
474 732 503 782 et
526 728 704 798 sapientiam.
729 746 763 784 ex
786 729 850 784 iove
870 730 982 785 coitum.
1008 748 1042 785 ex
1061 747 1107 785 ve-

86 816 151 856 nere
184 816 318 855 amorem.
353 815 387 854 ex
416 802 532 854 saturno
559 799 704 855 tarditate.
738 815 792 868 que
825 800 921 854 omnia
952 817 1010 855 non
1041 805 1107 856 sunt

87 870 251 927 christianis
271 870 420 926 credenda.
440 869 508 938 quia
527 869 617 924 omnis
637 869 848 925 administratio
865 873 894 926 et
908 871 999 925 omnis
1018 872 1106 926 medi-

87 943 151 998 cina
168 959 188 996 a
212 942 266 997 deo
290 940 428 1012 procedit.
455 944 485 996 ct
507 940 550 995 ibi
573 940 739 996 laudabitur
761 941 886 996 medicus
910 942 960 995 ubi
983 942 1107 996 voluerit

88 1013 227 1069 dominns.
252 1013 291 1067 Et
309 1012 374 1067 ideo
392 1029 444 1067 nos
463 1011 513 1080 qui
533 1011 603 1066 artis
625 1012 765 1067 medicine
784 1029 879 1067 curam
898 1029 1057 1068 exercemus
1077 1016 1106 1066 et

88 1083 238 1140 christiani
257 1086 323 1138 sunt
341 1085 427 1152 (sici.
447 1101 468 1138 e.
488 1085 594 1153 sumus)
613 1086 642 1138 et
664 1083 752 1138 libros
775 1083 937 1153 hypocratis
960 1084 1105 1138 habemus.

88 1156 163 1225 quod
185 1153 238 1209 ille
263 1152 338 1208 dixit
359 1153 438 1209 utile.
462 1154 616 1224 probatum
638 1157 774 1210 tenemus.
803 1155 880 1223 quod
902 1171 968 1209 vero
987 1154 1037 1208 ille
1056 1156 1107 1208 aut

87 1227 179 1282 minus
199 1227 252 1280 ant
265 1226 384 1282 obscure
403 1224 483 1280 dixit.
502 1242 554 1279 nos
573 1225 761 1280 aelucidando
775 1225 988 1280 transcribimus
1003 1228 1036 1279 ut
1049 1241 1106 1279 me-

87 1297 141 1352 lino
161 1295 289 1368 legentis
312 1295 470 1366 intellegat.
500 1297 578 1364 quod
603 1295 646 1351 ibi
670 1296 780 1365 aliquid
805 1297 943 1351 addamus
967 1313 1002 1351 ex
1024 1295 1105 1350 libris

88 1368 179 1424 sancti
196 1366 341 1438 ysidori.
369 1369 419 1423 aut
437 1366 530 1421 sancti
549 1367 738 1437 augustini.
762 1369 813 1422 aut
832 1367 923 1422 sancti
942 1366 1105 1437 gregorii.

89 1441 138 1495 cot
153 1439 234 1494 luce
261 1437 464 1508 euuangeliste.
489 1437 557 1506 quia
579 1438 636 1493 toti
658 1437 708 1492 isti
732 1439 767 1493 de
786 1441 847 1495 arte
865 1439 1007 1494 medicina
1025 1439 1107 1509 plura

89 1511 278 1566 dictaverunt.
310 1508 451 1564 credentis
480 1509 563 1563 nobis
596 1509 760 1564 adfirturam
791 1513 854 1579 (sic)
883 1510 990 1565 domini
1016 1508 1107 1564 nostri

88 1582 137 1636 ibn
153 1586 206 1651 spi
224 1579 371 1636 auxilium.
390 1583 423 1635 ut
441 1582 538 1634 tamen
551 1579 652 1635 melius
671 1581 802 1650 proficiat
821 1581 891 1636 artis
909 1586 1023 1637 nostrae
1043 1597 1107 1651 ope·

89 1652 168 1709 ratio.
193 1653 304 1721 quanto
324 1651 360 1705 ab
384 1651 487 1720 coqui
510 1654 554 1706 est
577 1651 754 1721 omnipotens
777 1652 903 1706 medicus
926 1652 995 1707 libri
1017 1650 1107 1706 nostri

91 1741 121 1779 co
151 1723 158 1736 ’
219 1726 268 1778 tur
287 1738 399 1778 omnem
416 1725 544 1778 carentes
563 1722 748 1778 mendatium.
786 1722 918 1793 Explicit.

181 1796 266 1850 extus
292 1793 368 1849 libri:
396 1794 438 1848 De
467 1793 576 1863 origine
602 1793 693 1863 igitur
718 1793 841 1848 bominis
869 1793 911 1848 ita
937 1791 1106 1861 augustinus

91 1865 188 1921 scribit
212 1865 249 1920 de
271 1881 388 1920 numero
410 1864 537 1933 loquens.
563 1864 673 1919 senario
693 1872 739 1920 etc.
760 1867 895 1935 (nequitia
912 1865 945 1918 de
963 1880 1041 1933 opere
1059 1879 1107 1917 sex

90 1938 194 1994 &mm
213 1938 367 2006 disputatio
384 1937 416 1991 iu
435 1953 490 2006 pao
507 1938 571 2006 ipsa
588 1953 657 2006 quoe
674 1937 796 2005 sequitur
814 1933 977 2005 hypocratis
992 1935 1106 2003 epistola

90 2011 189 2065 sitam
207 2008 229 2076 f.
244 2011 297 2062 301
316 2024 340 2063 o.
356 2011 382 2075 6,
401 2008 499 2062 diade
513 2010 545 2062 dc
559 2014 689 2078 qcauuor
703 2008 838 2062 elementis
856 2023 890 2061 ex
903 2007 1002 2075 wotos
1019 2005 1105 2072 bomo,

90 2087 166 2150 stow
184 2095 221 2134 ca
238 2078 349 2134 Isidoro
387 2079 489 2134 lacrimo
507 2080 539 2132 dc
554 2080 681 2148 partium
701 2080 822 2148 corporis
835 2078 950 2131 bornuni
967 2076 1107 2131 uocabulis

90 2152 272 2217 fi301-5a2
290 2150 341 2204 ubi
362 2095 414 2203 lico
438 2149 473 2204 de
497 2148 622 2219 corporis
645 2148 778 2204 membris
801 2147 846 2202 vel
868 2145 1015 2202 vocabulis
1036 2144 1106 2199 dicti

90 2225 159 2292 sunt,
179 2221 282 2277 deinde
300 2221 333 2275 dc
351 2221 486 2276 cautibus
559 2222 611 2276 des.
631 2223 651 2288 f.
668 2225 719 2275 5⁶1
739 2219 807 2289 quia
820 2219 877 2273 ista
891 2221 971 2273 aetas
985 2234 1042 2271 non
1055 2217 1106 2297 ha-

90 2292 135 2348 bet
161 2291 246 2347 alind
273 2289 425 2346 terminum
452 2291 508 2344 nisi
532 2291 630 2346 mortis
659 2291 778 2347 exitum:
806 2289 935 2361 Epistola
962 2290 1106 2358 ypocratis

92 2368 148 2435 (⁸⁸4-
168 2379 241 2436 W
259 2366 367 2432 ΜΡΝ)
545 2432 651 2502 MP)

154 2615 180 2682 ⁸)
204 2612 252 2668 De
274 2610 357 2666 Lisco
378 2611 481 2666 medim
502 2612 557 2666 oid.
583 2610 731 2677 Haruucls,
750 2610 962 2666 Mediciaisches
987 2624 1039 2663 aas
1060 2607 1107 2661 der

91 2686 131 2741 uu.
151 2682 368 2754 Ksreheopescu
384 2681 439 2748 Iff.
456 2681 554 2750 (Teate
572 2699 599 2736 a.
620 2681 695 2737 Uutc.
716 2681 799 2750 VIII,
813 2685 840 2749 4,
855 2685 891 2738 37
900 2681 951 2748 ff).

492 2970 705 2978 -..φο-...η’-
