2392 3922
133 149 176 215 62
442 150 633 203 ΤΗΕΟΒΟΒΙ
651 151 833 204 PBISOIANI
1157 29 1190 227 1,

133 320 261 380 contrito
280 320 312 378 in
330 316 451 379 linteolo
472 315 604 377 adhibito
624 333 727 376 omnes
746 315 967 377 vulnerationes
982 335 1019 377 ex
1034 319 1154 378 ustione
1182 314 1190 373 ’ἶ

132 409 287 468 venientes
310 406 427 467 facilius
450 404 686 484 percurabimus.
734 408 777 466 sic
800 407 890 465 etiam
913 412 1030 466 stercus
1052 408 1153 466 ovium

132 503 216 556 curat
239 498 395 556 incensum
419 494 558 554 similiter
581 512 649 554 cum
673 496 818 554 cerotario
841 496 977 556 mixtum.
1019 502 1051 555 et
1068 497 1153 556 canis

132 586 239 663 capitis
258 602 325 644 ossa
344 586 466 645 incensa
485 590 516 643 et
534 601 654 662 aspersa
673 582 752 642 idem
772 589 941 662 operantur.
975 585 1019 644 sic
1039 583 1153 644 coclea-

105 686 199 734 erum
223 676 413 734 incensarum
436 674 513 732 cinis
536 668 698 750 <aspersus
722 672 876 733 combusta
897 678 981 732 sanat
999 690 1056 733 nec
1075 674 1153 734 cica-

130 765 223 823 trices
246 780 352 842 parere
375 758 476 841 facit>
522 760 684 839 liquamine
708 763 795 821 suino
818 767 886 840 post
913 763 1064 822 ustionem
1093 762 1153 823 fre·

132 858 258 929 quenter
285 851 349 912 loca
373 857 440 912 usta
467 850 564 910 lavare
588 851 752 910 conveniet.
799 856 829 910 et
852 868 1029 910 cancrorum
1053 850 1152 911 humi·

131 940 244 1001 nalium
271 943 463 1001 incensorum
491 941 567 1000 cinis
595 956 663 999 cum
692 938 756 999 oleo
785 947 876 999 curat.
924 941 968 999 sic
996 946 1027 1000 et
1054 946 1151 1000 tostae

131 1028 304 1090 cucurbitae
333 1030 409 1089 cinis
438 1046 506 1089 cum
534 1026 598 1088 oleo
627 1026 793 1109 adhibetur,
821 1034 851 1087 et
878 1027 1037 1088 lenticulae
1062 1031 1151 1088 semi·

93 1132 118 1172 10
132 1126 233 1179 coctae
263 1137 299 1178 ex
331 1137 407 1197 aqua
434 1117 510 1177 bene
539 1118 684 1176 contritae
711 1134 766 1194 pro
795 1115 1003 1195 cataplasmate
1032 1134 1151 1196 compe-

128 1211 241 1268 tentius
265 1206 451 1268 adhibentur.

78 1398 119 1462 61
435 1399 496 1459 XX.
534 1398 580 1460 De
604 1398 845 1460 carbunculis.

219 1506 405 1568 Generaliter
418 1507 465 1566 his
478 1505 617 1566 omnibus
631 1524 686 1584 per
701 1508 785 1566 initia
800 1506 959 1567 flebotomo
970 1507 1149 1569 subvenien-

130 1597 200 1657 dum
220 1604 273 1656 est.
312 1594 481 1675 specialiter
500 1613 570 1655 vero
589 1594 663 1655 locis
683 1596 987 1674 superimponendum
1007 1603 1053 1656 est
1071 1604 1148 1657 cata-

92 1696 116 1738 16
130 1685 242 1764 plasma
266 1685 302 1745 de
326 1684 498 1763 arnoglosso
523 1691 553 1744 et
575 1702 651 1763 pane
670 1684 781 1757 mundo
801 1691 831 1744 et
849 1684 990 1745 lenticula
1009 1692 1092 1746 cocta
1111 1705 1148 1747 ex

130 1793 212 1855 aqua.
264 1773 438 1834 vulneribus
470 1790 540 1833 vero
573 1774 652 1833 acria
690 1779 719 1832 et
756 1773 896 1834 calidiora
933 1775 1148 1835 medicamenta

130 1864 312 1945 ordinamus,
334 1869 368 1923 ut
391 1869 437 1922 est
460 1862 630 1922 Andronius
652 1863 800 1922 trociscus
823 1869 874 1923 aut
897 1861 1035 1945 Polyido,
1058 1863 1149 1924 soluti

129 2114 214 2177 ipone
228 2107 293 2230 lbel:
313 2104 359 2231 sict
373 2107 407 2230 epi
419 2104 613 2229 apameorum
632 2106 755 2158 stercora
773 2103 914 2158 comburis
933 2106 962 2158 et
980 2103 1011 2157 in
1028 2104 1148 2159 linteolo

129 2194 421 2232 cumoeoconrrs
466 2219 471 2230 .

200 2255 214 2301 1
240 2265 335 2302 omnes
351 2291 357 2302 .
374 2291 379 2302 .
396 2291 401 2301 .
416 2246 627 2316 perdurabimus
651 2248 855 2315 (percurramus
875 2247 901 2315 b)
921 2245 1020 2302 bGelc
1049 2262 1147 2301 omnes

128 2318 288 2372 exustiones
315 2318 460 2373 venientes
484 2317 695 2387 perdurabimus
713 2318 754 2385 B,
784 2333 879 2371 omnes
903 2334 937 2372 ex
964 2316 1076 2372 ustione
1099 2334 1147 2372 ve-

127 2388 237 2442 nientes
256 2388 369 2442 facilius
388 2388 600 2457 procurabimus
619 2404 640 2442 ε.
749 2394 764 2442 2
783 2391 924 2458 sequeutia
940 2391 1034 2444 onmia
1053 2391 1148 2459 (osque

127 2461 165 2514 ad
182 2462 230 2527 fic.
249 2463 320 2540 cop.)
338 2476 388 2514 om.
409 2460 444 2514 B.
562 2458 759 2512 sic—mixtum
777 2462 837 2528 (uhi
854 2466 944 2515 tomen
962 2460 1078 2514 incensa
1096 2461 1146 2515 bo·

127 2531 179 2598 bet)
198 2531 267 2585 Get:
293 2547 317 2582 si
340 2532 373 2583 st.
394 2545 437 2583 ov.
457 2529 603 2583 incensum
626 2546 689 2583 cum
712 2546 735 2584 o.
757 2530 877 2585 mixtum
904 2531 1091 2586 adhibeamus
1111 2533 1148 2586 bc

127 2603 186 2670 (qai
203 2618 264 2655 eum
278 2602 504 2670 praecedentibus
524 2599 626 2654 Omnes
645 2600 721 2654 vuln.
740 2609 788 2658 etc.
808 2605 997 2674 coadunarent).
1049 2604 1147 2656 3et—

127 2673 289 2741 operantur:
306 2674 345 2726 sie
356 2673 391 2727 bo
400 2678 424 2726 et
434 2673 493 2741 (qai
501 2689 525 2726 o.
536 2677 553 2724 4
564 2672 593 2725 et
602 2679 628 2727 et
636 2671 713 2726 idem
722 2676 784 2745 om.)
794 2675 851 2730 θεῖ.
907 2679 925 2727 4
939 2673 979 2728 εἰε
993 2690 1016 2728 c.
1031 2673 1049 2727 i.
1060 2675 1146 2741 (com-

125 2743 273 2796 bustarum
293 2744 337 2811 be)
356 2741 428 2796 cinis
449 2742 520 2797 θεῖε
544 2744 610 2798 ῖιεεε
628 2750 653 2799 et
672 2763 741 2815 quae
760 2747 869 2801 addant
891 2762 1021 2815 aspersus
1035 2760 1058 2799 e.
1074 2763 1095 2799 s.
1115 2745 1146 2799 et

125 2830 177 2868 uec
198 2816 257 2884 (sic)
276 2830 298 2869 e.
318 2832 344 2884 p.
365 2812 436 2867 facit
453 2814 532 2880 infra
546 2823 611 2884 poet
629 2818 663 2885 (o.
679 2819 726 2886 11)
746 2816 918 2870 adhibentur
938 2819 976 2872 od
997 2817 1078 2884 finem
1095 2817 1145 2870 ba-

128 2888 190 2941 bent
208 2887 250 2941 bc.
344 2892 360 2939 6
380 2883 535 2952 liquamine
607 2887 756 2942 conveniet
776 2888 842 2954 θεῖ,
860 2888 910 2941 ubi
928 2891 968 2942 sic
987 2890 1062 2969 (post
1079 2903 1145 2970 ope-

125 2960 224 3011 rantur
237 2976 261 3014 o.
272 2959 300 3028 4)
314 2959 361 3012 bc:
381 2955 561 3026 Plantaginis
575 2957 646 3013 folia
659 2958 729 3012 trita
742 2956 860 3027 iponito.
880 2957 1048 3026 Liquamme
1063 2974 1144 3012 sumo

126 3035 217 3090 (samo
231 3031 256 3100 c)
269 3028 302 3082 lr.
317 3028 381 3083 loca
395 3030 460 3081 usta
474 3027 578 3084 lavato.
636 3035 651 3082 'l
665 3026 853 3082 fluminalium
865 3026 936 3083 Get:
951 3029 1110 3084 fluvialium
1119 3031 1143 3084 b.

126 3107 142 3154 8
161 3102 255 3155 tostae
274 3101 344 3155 θεῖε
364 3101 428 3172 uste
448 3101 471 3154 b.
551 3105 583 3154 10
602 3117 653 3170 pro
672 3097 898 3167 cathaplasmate
972 3100 1144 3155 adhibeatur

124 3172 275 3237 (-bentur
293 3174 317 3241 c)
338 3174 366 3227 b:
386 3169 563 3240 cataplasma
636 3169 788 3225 adhibetur
801 3169 860 3223 θεῖ.
935 3174 967 3222 11
984 3180 1049 3240 post
1062 3171 1144 3226 adhi-

79 3303 84 3310 ‚
124 3241 228 3296 bentur
240 3250 392 3313 sequuntur
406 3245 499 3297 aliena
513 3246 545 3297 e'a
554 3245 625 3304 beli
639 3240 752 3311 adipem
765 3237 941 3292 berbicinum
951 3285 957 3296 .
969 3285 975 3296 .
987 3284 993 3296 .
1003 3241 1060 3295 lilii
1073 3242 1145 3297 foh'a

124 3312 194 3367 trita
212 3314 357 3385 imponito.
442 3320 476 3367 13
495 3312 669 3368 Generaliter
687 3319 712 3367 et
730 3310 880 3365 flebotomo
895 3310 1144 3381 (sub)veniendum

125 3385 199 3450 (item
216 3402 279 3439 mooe
298 3385 464 3457 superimp)
483 3403 532 3441 om.
550 3386 612 3441 θεῖ.
633 3385 691 3453 (qai
708 3383 801 3452 εραῖῖα
823 3383 889 3437 albo
902 3385 1033 3453 praebet).

126 3458 158 3506 15
179 3455 305 3523 et(p.)b:
324 3474 374 3511 om.
394 3458 487 3524 εθεῖ.,
507 3473 570 3510 oum
585 3456 679 3524 (pane)
692 3453 727 3508 B.
783 3468 818 3506 ex
831 3451 872 3521 (in
885 3455 933 3522 rb)
947 3469 1023 3522 aqua
1042 3456 1142 3512 odet:

124 3541 174 3580 om.
194 3525 229 3579 Β.
304 3532 335 3580 17
357 3528 389 3580 ut
407 3529 451 3581 est
468 3530 504 3582 rb
515 3528 586 3583 Gal:
601 3526 634 3578 ut
647 3524 683 3578 B.
756 3526 807 3577 aut
824 3523 985 3592 polydionis
1002 3525 1069 3596 θεῖ,
1092 3529 1143 3581 aut
