2392 3922
152 180 217 245 318
484 183 828 237 PSEUDO·THEODORI

150 340 257 409 ioniae,
285 339 425 409 mastices,
453 339 560 410 piperis
587 340 686 395 uncias
712 341 847 411 singulas.
872 343 969 398 omnia
993 361 1059 399 cum
1087 347 1166 403 melle

149 419 226 473 trita.
254 419 413 474 Icocleare
435 437 519 474 mane
542 423 571 474 et
594 436 657 475 sero
681 419 812 490 accipiat.
839 421 967 491 lapidem
990 427 1121 496 gagaten
1140 428 1166 482 in

149 515 224 566 aqua
243 498 362 553 fontana
380 499 470 554 bibat.

219 578 263 632 Ut
281 595 397 633 vocem
421 579 551 634 claram
568 579 689 635 facias.
722 580 904 642 raucedinem
923 585 1076 655 emendas,
1099 586 1164 640 siin

121 658 251 714 sbalneo
271 658 375 713 clames
395 662 446 713 aut
464 659 526 716 oleo
545 659 707 730 gargarizes
725 660 772 715 vel
791 659 815 714 si
830 663 1057 731 tragacantham
1075 666 1107 720 in
1123 683 1164 721 ore

147 739 285 808 tenueris,
308 738 354 793 vel
383 738 407 793 si
432 756 486 795 ova
508 739 580 794 trita
603 739 715 794 ieiunus
738 739 844 795 cotidie
869 741 1034 798 absorbeat.
1063 745 1163 816 piperis

147 835 237 888 grana
255 818 286 873 in
304 834 351 873 ore
370 821 467 874 teneto
482 820 531 875 diu
546 822 575 875 et
593 819 714 897 salivam
728 819 841 874 assidue
856 819 971 877 devora.
1001 822 1093 879 cirros
1105 842 1163 895 por-

73 906 77 912 '
147 897 251 953 rorum'
265 916 329 953 cum
351 915 426 968 aqua
449 899 568 954 fontana
590 916 693 968 coques
716 915 820 968 eosque
844 915 908 953 cum
936 899 1024 956 melle
1049 905 1174 966 mando„

147 978 235 1048 cabis,
255 983 284 1034 ct
302 979 394 1050 ipsam
412 996 516 1047 aquam
534 997 598 1034 cum
614 979 699 1034 melle
717 979 832 1049 potabis

108 1081 134 1118 10
219 1059 353 1113 Tussim
371 1076 504 1128 magnam
522 1058 630 1114 excitat
642 1058 737 1114 resina
750 1058 863 1128 pituina
881 1059 1039 1116 masticata
1059 1065 1090 1117 et
1106 1063 1163 1134 glu-

147 1140 210 1195 tita.
239 1139 315 1193 idem
337 1138 408 1193 facit
433 1138 549 1193 seminis
571 1141 654 1193 rutae
676 1138 820 1193 folliculus
837 1138 1009 1196 masticatus
1028 1159 1163 1213 sucusque

146 1219 276 1289 glutitus.

217 1298 301 1352 Item
329 1298 371 1351 ad
398 1297 528 1352 tussim.
565 1297 726 1353 vettonicae
749 1297 824 1360 3111
847 1314 911 1352 cum
937 1299 1025 1357 melle
1054 1302 1161 1357 ieiunus

144 1376 257 1446 glutiat.
286 1376 422 1430 trociscus
447 1377 657 1446 diaspermaton
681 1377 719 1451 ad
740 1376 845 1432 multos
861 1379 865 1448 t
882 1379 919 1448 (p.
936 1382 999 1449 103)
1023 1398 1094 1436 usus
1119 1399 1162 1438 ne-

105 1475 131 1514 15
145 1455 290 1510 cassarius.
310 1454 427 1510 feniculi
446 1457 561 1510 seminis
579 1466 615 1517 '÷
629 1459 655 1526 I,
679 1457 757 1512 ancti
781 1457 895 1512 seminis
913 1471 951 1519 ÷
964 1459 991 1528 1,
1015 1461 1078 1530 opii
1096 1463 1162 1532 -2-1,

145 1534 195 1589 sed
218 1535 314 1603 opium
342 1535 473 1590 semotim
498 1536 580 1605 teris,
608 1539 694 1590 tunsa
717 1539 747 1591 et
773 1536 923 1592 cribeilata
946 1536 977 1591 in
999 1538 1108 1608 pilulas
1131 1559 1161 1596 ex

144 1631 219 1683 aqua
238 1612 349 1682 colligis
368 1614 406 1668 ad
420 1614 512 1684 lupini
530 1614 757 1684 magnitudinem
771 1620 800 1672 ct
815 1618 866 1672 das
880 1618 1005 1687 patienti
1023 1620 1056 1674 in
1070 1621 1162 1676 calida

65 1740 67 1745 ,
144 1712 218 1763 aqua
237 1693 340 1748 ieiuno.
368 1697 507 1749 testarum
530 1695 565 1748 dc
588 1695 690 1750 cocleis
714 1697 816 1752 cineris
840 1697 995 1753 cocleareI
1013 1717 1080 1755 cum
1098 1702 1161 1757 vino

143 1774 224 1845 potui
248 1775 347 1828 datum
369 1774 492 1844 prodest.
521 1772 620 1842 adipis
638 1775 761 1830 recentis
783 1777 852 1838 ÷1
875 1777 1016 1846 decoquas
1043 1779 1076 1834 in
1104 1781 1160 1837 vini

104 1874 131 1912 ao
145 1854 236 1925 cyntis
263 1853 355 1909 tribus
379 1857 408 1909 et
435 1853 523 1908 addes
552 1852 646 1907 mellis
668 1855 816 1926 pusillum,
844 1856 932 1911 facies
955 1857 1064 1927 pilulas
1084 1864 1114 1916 ct
1130 1864 1160 1915 ut

144 1934 250 2005 glutiat
273 1933 368 2004 dabis,
396 1935 518 2004 prodest.
548 1949 646 1988 sevum
669 1935 816 2005 caprinum
839 1935 870 1988 in
892 1935 973 2006 pulte
998 1938 1092 1996 alicae
1115 1941 1159 1995 de·

144 2018 255 2070 coctum
274 2015 350 2084 dato,
370 2015 444 2069 edat.
471 2012 644 2084 parietariae
663 2014 768 2068 herbae
787 2032 870 2082 sucus
890 2015 967 2085 cyati
981 2017 1067 2072 unius
1086 2037 1158 2075 men·

144 2113 210 2149 sura
227 2095 308 2165 potui
327 2096 419 2163 datus,
437 2093 539 2147 mirum
558 2097 608 2149 cst.

215 2176 299 2229 Item
322 2176 365 2228 ad
386 2174 559 2245 pthisicos
588 2177 628 2229 et'
644 2174 798 2229 thoracis
823 2172 968 2231 dolores.
997 2175 1070 2232 folia
1088 2195 1158 2233 mar-

103 2270 129 2308 as
142 2255 218 2308 rubii
241 2272 306 2308 cum
332 2255 439 2321 semine
466 2252 530 2309 c'um
552 2271 627 2322 aqua
650 2270 753 2322 coques
779 2256 808 2308 ct
826 2254 919 2322 ipsam
946 2257 1052 2323 aqu'am
1079 2257 1157 2328 potui

144 2334 233 2388 dabis.
261 2334 375 2403 pineam
394 2337 422 2388 ct
440 2333 622 2403 tragacanthi
639 2334 703 2394 ÷1
720 2333 751 2386 in
768 2333 835 2388 vinc
854 2333 945 2388 veteri
960 2334 1102 2403 decoquas
1117 2337 1162 2392 ita·

142 2416 175 2466 nt
197 2413 310 2467 assidue
334 2414 369 2467 de
393 2413 503 2467 surculo
523 2413 631 2482 agites,
661 2415 690 2468 ct
711 2414 812 2482 postea
838 2412 944 2467 adicies
969 2412 1078 2482 piperis
1097 2413 1158 2470 tiiti

141 2509 231 2559 grana
250 2491 285 2560 Ο,
314 2491 409 2560 spicae
437 2491 520 2546 nardi
546 2491 620 2562 scrip
643 2493 683 2562 ΙΙ,
711 2492 830 2547 storacis
859 2490 933 2561 scrip
953 2491 987 2561 V,
1006 2493 1107 2550 mittes
1128 2495 1157 2549 in

140 2569 283 2638 mortario,
303 2568 411 2623 etvini
429 2569 572 2624 modicum
589 2571 703 2641 mittes,
723 2576 753 2627 et
770 2574 898 2628 conteres
917 2574 1058 2627 storacem
1077 2578 1111 2630 ut
1129 2591 1157 2630 se

101 2663 127 2701 ao
141 2648 329 2716 commisceat,
350 2651 379 2703 et
396 2649 494 2704 mittes
513 2668 586 2719 quae
610 2656 692 2707 cocta
711 2655 784 2707 sunt.
813 2651 919 2707 adicies
942 2651 1036 2707 mellis
1055 2654 1157 2725 despu-

140 2727 211 2782 mati
230 2727 445 2798 acetabulum,
464 2733 494 2785 ct
513 2731 607 2786 denuo
622 2749 757 2802 recoques
771 2736 804 2787 ut
817 2733 868 2787 fiat
881 2730 974 2787 mellis
988 2734 1155 2790 crassitudo.

140 2809 170 2863 in
185 2825 214 2862 se
229 2807 368 2862 coclearia
387 2809 500 2881 singula
517 2830 601 2868 mane
617 2817 712 2868 sumat
728 2815 757 2868 ct
776 2830 846 2883 sero,
867 2812 926 2867 sive
945 2815 1036 2868 terna.
1055 2814 1117 2889 hoc,
1128 2817 1156 2868 et

140 2889 178 2942 ad
197 2905 244 2943 eos
263 2887 313 2956 qui
331 2889 514 2958 purulentum
532 2897 666 2948 excreant
684 2892 762 2947 facit.

212 3056 225 3102 1
246 3048 373 3104 masticis
393 3052 416 3106 b.
461 3107 465 3113 ,
490 3065 590 3111 ana-2·
607 3053 659 3107 ΙΙΙ)
753 3055 769 3103 2
788 3065 858 3104 sero.
873 3050 893 3104 Ι.
915 3053 1038 3122 (iterum)
1059 3070 1117 3109 acc.
1132 3055 1154 3109 b.

123 3144 156 3192 .4
175 3139 273 3193 clamis
294 3141 355 3208 (sic)
376 3141 399 3194 b.
509 3127 613 3210 cdriig
627 3141 689 3208 (cic)
710 3140 733 3193 b.
848 3141 1038 3201 8manducas
1059 3146 1082 3200 b.

139 3210 294 3264 10Tussim
305 3211 675 3279 (hic)betmoa(iaratr.).
736 3207 948 3282 13Betonicpb.
1005 3219 1038 3267 18
1048 3214 1120 3269 cinis
1130 3216 1153 3270 b.

34 3356 37 3361 ,
139 3321 172 3369 19
190 3316 289 3384 adipes
307 3302 397 3374 riites
417 3319 439 3372 b.
496 3322 529 3370 20
550 3309 633 3371 addis
652 3318 676 3371 b.
730 3312 802 3366 facis
821 3316 844 3369 b.
923 3320 957 3369 22
974 3317 1114 3391 paritarie
1129 3322 1152 3373 b.

209 3391 452 3457 suos1„,dat[1b,
528 3392 562 3441 24
580 3385 705 3455 typsicos
724 3386 748 3439 b.
821 3390 856 3438 26
875 3386 983 3455 dragb.
1049 3389 1153 3459 27'pip

136 3455 206 3509 tritri
226 3460 249 3511 b.
305 3465 339 3514 28
358 3459 449 3515 mittis
468 3461 491 3514 b.
543 3462 577 3510 22
590 3454 682 3510 mittis
696 3457 719 3509 b.
775 3455 897 3508 conteris
912 3458 936 3511 b.
991 3461 1025 3509 30
1042 3458 1152 3513 emittis

133 3527 256 3617 9000&
270 3549 333 3616 (sie)
353 3550 376 3603 b.
430 3547 487 3602 mel
505 3545 674 3614 despumati
693 3539 855 3598 accitabulii
874 3546 897 3599 b.
953 3549 985 3598 31
1007 3543 1112 3601 (1011110'
1127 3549 1150 3603 b·
