2392 3924
326 171 554 223 EUPORISTON
572 170 829 222 FAENOMENON.
1064 167 1082 230 ’ἶ

156 333 279 395 alumen
307 353 365 413 quo
393 335 555 395 infectores
586 341 711 395 utuntur
743 353 811 395 cum
843 353 918 414 aqua
946 342 1083 394 conteres

63 429 96 484 et
119 422 246 502 capillos
269 441 306 484 ex
333 423 389 484 boc
417 422 564 485 infundes.
602 423 681 503 quod
703 441 878 503 permanere
907 423 997 484 iacies
1021 423 1083 484 dle·

64 511 123 573 bus
146 511 195 573 111.
224 519 328 591 postea
355 511 465 572 lavabis
494 530 530 571 cx
553 530 628 590 aqua
656 514 688 573 in
716 531 773 591 qua
805 513 917 573 nitrum
950 511 1082 572 solveris.

64 619 137 661 sane
166 602 193 661 si
220 601 277 661 tibi
308 599 435 661 multum
462 599 587 660 rubrum
615 603 711 662 visum
741 601 844 682 fuerit,
876 619 912 660 ex
945 619 980 662 ea
1007 620 1083 680 aqua

64 688 177 750 lavabis
201 691 233 750 in
256 708 315 769 qua
338 689 486 751 cimoliam
509 698 620 751 terram
641 689 808 750 resolveris.
1110 703 1123 744 s

156 779 188 838 si
216 777 409 839 candidare
442 785 558 838 antem
589 778 694 859 velis,
725 778 918 839 hirundinum
951 786 1082 840 stercore

61 885 136 928 cum
159 865 228 927 ielle
251 869 368 928 taurino
392 869 520 928 contrito
538 866 603 927 loca
622 868 775 945 continges
798 868 992 946 frequentius.
1030 867 1083 928 sed

63 955 140 1016 baec
159 954 311 1034 superflue
330 973 385 1016 nos
404 955 541 1015 ordinare
561 957 762 1016 certissimum
780 962 834 1016 est.
871 963 1005 1016 ceterum
1023 955 1083 1016 albi

46 1043 247 1123 ‚probibendi
269 1052 340 1105 sunt
361 1046 461 1123 potius
485 1062 573 1123 quam
596 1044 783 1123 procurandi.

156 1150 228 1193 sane
253 1135 279 1193 si
302 1134 463 1212 crispare
492 1132 631 1213 delectet,
661 1133 785 1193 asiodeli
812 1133 927 1193 radices
955 1135 987 1192 in
1014 1135 1082 1192 vino
1097 1147 1123 1193 ιο

64 1228 145 1282 teres
168 1228 259 1281 etex
282 1222 338 1282 hoc
362 1221 484 1300 capillos
508 1221 681 1300 frequenter
704 1222 832 1283 inlinies.

307 1417 354 1478 111.
377 1416 423 1477 De
448 1415 592 1496 capillis
616 1417 837 1487 cadentibus.
1107 1417 1125 1480 7

154 1540 304 1602 lnstruam
328 1543 417 1601 etiam
441 1541 477 1601 de
497 1540 611 1621 capillis
634 1540 824 1622 cadentibus,
847 1543 899 1621 qui
923 1549 973 1602 aut
995 1542 1082 1621 longa

62 1630 253 1710 aegritudine
281 1637 331 1690 aut
357 1632 510 1690 nimietate
542 1631 660 1708 vaporis
692 1630 832 1690 cadentes
855 1637 923 1691 ante
956 1631 1081 1691 senilem

62 1724 193 1779 aetatem
225 1717 357 1778 nuditate
390 1725 479 1799 caput
510 1718 629 1778 foedare
663 1725 852 1779 consuerunt.
908 1720 1080 1781 ordinamus
1096 1733 1121 1774 rs

63 1809 166 1886 itaque
195 1807 390 1868 confectionis
417 1825 526 1888 genus,
554 1825 612 1886 quo
640 1825 700 1867 non
723 1807 820 1867 solum
843 1808 983 1869 cadentes
1011 1827 1080 1868 con-

64 1898 156 1957 tineri
178 1898 309 1975 possint,
336 1896 388 1955 sed
412 1897 502 1956 etiam
530 1896 605 1956 forte
634 1898 686 1974 qui
709 1896 872 1957 ceciderint
894 1905 1080 1977 reparentur,

137 2126 151 2173 1
171 2118 261 2174 Aliud
279 2119 343 2174 add.
364 2119 423 2175 cet.
443 2121 479 2188 (et
495 2121 538 2174 ita
554 2120 634 2187 infra
651 2120 765 2188 saepias
782 2136 803 2174 c.
819 2121 854 2200 3).
959 2117 1080 2171 conteris

63 2189 258 2246 ...infundis
271 2192 328 2245 rB.
400 2189 478 2245 cite
496 2192 529 2244 ut
546 2188 577 2244 in
594 2189 687 2244 mellis
705 2189 877 2259 pinguedme
895 2189 947 2242 fiat
964 2189 1001 2243 rb
1019 2190 1079 2257 (om.

62 2263 91 2316 Β
111 2261 203 2343 θεῶ..
268 2261 304 2328 cf.
325 2262 389 2317 dat.
408 2261 494 2329 XIV,
512 2265 574 2316 392.
657 2262 812 2343 3(postea)
830 2277 896 2315 vero
915 2261 1043 2342 addrb.

61 2333 661 2484 curtracense-tuturo
673 2331 809 2456 cuttu
960 2332 1081 2485 cru

60 2490 156 2555 mnan
178 2472 265 2528 fuerit
284 2474 352 2542 cet,
372 2490 397 2527 si
410 2473 492 2598 lSubi
509 2473 546 2546 r>
565 2473 683 2527 rubeum
701 2473 822 2527 multum
845 2473 1046 2554 nsumsfuenb
1064 2477 1080 2531 b

60 2544 214 2672 gannire
240 2543 291 2598 :si
308 2544 363 2599 tibi
381 2562 410 2597 m
441 2547 502 2598 tum
519 2544 598 2597 rubri
616 2544 671 2598 visi
689 2543 843 2599 fuerintB.
901 2551 956 2598 6s1
975 2562 998 2600 c.
1013 2561 1038 2600 a.
1053 2565 1079 2601 v.

110 2616 185 2673 Get:
241 2615 292 2670 bos
312 2614 431 2685 capillos
450 2614 491 2668 sic
508 2613 596 2669 facies
614 2617 650 2669 rb
670 2617 711 2685 ().
792 2617 825 2682 cf.
845 2615 892 2670 Ps.
914 2616 975 2670 cai.
992 2617 1081 2685 XIV,

60 2691 126 2742 391.
215 2693 230 2740 7
250 2686 269 2742 l.
288 2703 311 2742 c.
330 2685 349 2740 f.
369 2689 397 2741 Β
417 2687 489 2741 Gela
508 2691 560 2756 cap
580 2685 741 2754 frequenter
759 2685 897 2756 inungues
911 2686 981 2755 (-is
996 2690 1020 2756 r)
1036 2688 1079 2743 br.

60 2757 113 2812 sed
131 2756 410 2827 baec-procurandi
423 2759 451 2812 Β
467 2757 539 2813 Get:
558 2774 608 2812 oto.
622 2759 666 2812 rb.
736 2761 752 2810 8
767 2759 891 2824 ceterum
904 2759 962 2827 (sic)
982 2760 1010 2813 Β
1022 2759 1080 2814 Gel.

63 2833 97 2882 10
121 2844 192 2883 sane
214 2845 236 2882 s.
260 2845 283 2884 c.
308 2829 430 2883 delectet
447 2830 476 2882 B
499 2827 634 2896 (delectas
659 2828 741 2897 Geli:
766 2827 872 2898 crispos
896 2828 936 2881 sie
959 2827 1005 2882 fac
1027 2828 1080 2897 (fa-

60 2898 120 2954 cias
140 2902 183 2969 rc)
202 2900 286 2970 rb(c).
395 2899 447 2952 has
465 2898 549 2952 fidele
567 2901 641 2968 (sict)
659 2898 769 2953 radices
788 2901 829 2954 B:
849 2898 975 2952 asfodilli
993 2898 1079 2970 herbe

60 2971 122 3024 rad'
142 2971 179 3026 br
198 2971 257 3039 (ubi
275 2969 423 3039 asphodeli
441 2970 499 3024 Get,
519 2976 545 3024 ct
562 2970 653 3039 Neu).
706 2977 737 3023 11
757 2969 825 3024 teris
844 2971 872 3024 Β
891 2971 980 3038 (—res
1001 2969 1078 3038 Gal).

60 3043 145 3096 etex
162 3040 192 3096 ln
216 3039 335 3110 capillos
358 3040 377 3096 f.
402 3039 652 3096 minianenses:
677 3042 706 3094 et
732 3057 767 3094 ex
789 3039 843 3093 hoc
866 3039 884 3093 f.
908 3037 1033 3092 infimdis
1052 3042 1080 3094 B

61 3114 71 3181 (
118 3112 209 3168 ‚mid
227 3113 260 3166 ia
278 3113 315 3167 br
333 3109 457 3181 Cipressi
473 3110 604 3180 pile...).
658 3117 689 3164 12
705 3112 782 3180 (Tit.)
801 3111 842 3164 De
856 3125 917 3178 cap.
936 3109 997 3163 cad.
1012 3110 1038 3162 Π
1052 3113 1080 3165 Β

131 3183 212 3252 Gal),
229 3181 272 3237 Dc
291 3182 456 3236 cadentibus
476 3184 501 3250 b,
520 3198 570 3236 cm.
590 3200 613 3236 r.
688 3187 720 3234 13
734 3179 1079 3235 Instruam-cadentibus

60 3255 89 3308 Β
110 3254 183 3310 Gal:
203 3269 254 3308 ona
273 3254 310 3308 br
328 3255 368 3320 (et
386 3252 528 3307 adiutoria
542 3258 606 3322 post
624 3251 712 3306 etiam
730 3254 794 3307 add.
816 3253 893 3321 Get).
977 3256 1009 3304 15
1028 3270 1079 3306 nn-

61 3325 153 3379 ditate
177 3325 264 3392 caput
286 3324 394 3379 nudare
412 3327 471 3393 (sic)
490 3325 531 3391 Β,
554 3321 685 3376 nuditate
704 3321 802 3391 capilli
821 3325 885 3392 (pao
908 3325 1003 3392 caput)
1021 3323 1079 3378 foe-

61 3395 129 3449 dare
145 3396 215 3462 (rec,
234 3394 353 3464 capillos
371 3396 421 3464 (aie
435 3411 489 3464 pro
508 3397 561 3463 cap
575 3396 594 3448 i.
613 3395 710 3462 caput)
724 3392 855 3448 nuditate
874 3399 926 3463 cap
944 3393 1041 3449 fedare
1056 3397 1079 3451 b.

63 3471 97 3518 16
116 3464 255 3521 contineri
271 3467 309 3521 rb
329 3467 401 3522 Get:
419 3464 559 3536 possideri
578 3466 613 3520 Β.
692 3469 725 3517 17
745 3463 817 3518 forte
831 3465 858 3518 B
879 3465 950 3521 sec:
970 3482 1020 3520 om.
1035 3468 1079 3521 br.

63 3538 229 3605 reparantur
246 3537 329 3592 Bor:
347 3535 474 3607 reparari
492 3537 584 3606 (coar.)
605 3536 663 3592 Gal.
