2392 3924
129 193 192 258 100
438 190 826 244 rnnonosrrnrscmur

126 358 288 438 plurimum
313 357 444 435 prodest.
487 355 563 415 cibis
586 354 805 434 digestibilibus
828 361 859 415 et
882 353 1071 416 dulcioribus
1094 374 1151 417 nu·

126 449 262 506 triantur.
308 445 387 505 unde
415 444 501 504 lactis
531 444 563 503 hi
595 444 768 522 frequenter
795 445 936 504 iuvantur
963 446 1149 525 acceptione,

127 552 215 614 quam
232 536 358 594 maxime
383 535 409 593 si
431 550 538 612 aquam
562 534 627 593 eius
650 534 805 612 accipiant,
829 549 918 611 quam
936 532 1049 592 medici
1074 551 1148 593 oron

127 622 284 701 appellant.
335 640 403 682 uam
431 629 461 682 et
489 639 578 681 sucus
607 628 733 700 nepetae
760 619 871 681 herbae
899 620 1147 700 frequentissime

101 712 183 772 5hoc
202 714 308 771 vitium
326 709 474 771 relevavit.
517 717 547 769 et
564 709 637 770 haec
657 708 761 769 eadem
780 707 874 769 herba
891 726 947 787 par
964 708 1147 771 beneficium

126 802 276 879 praestitit
300 817 387 877 saepe
412 798 478 858 cibo
503 797 578 857 data.
624 805 654 857 et
678 796 834 876 coagulum
856 796 953 878 nebri,
977 803 1072 877 quem
1093 816 1148 859 nos

128 907 249 949 cerrum
271 888 429 948 lactantem
453 886 589 965 dicimus,
613 904 681 946 cum
704 885 832 964 oxymeli
854 887 956 946 ieiuno
979 887 1084 947 datum
1102 886 1148 947 vel

127 984 325 1056 temperatum
349 993 437 1055 saepe
459 975 580 1053 proluit.

76 1063 117 1127 96
218 1067 244 1125 si
266 1066 313 1125 his
336 1063 476 1125 adhibitis
495 1062 618 1122 morbus
637 1061 687 1122 ille
707 1080 881 1122 accrescens
899 1063 1037 1141 proiecto
1058 1064 1148 1124 luerit

89 1169 114 1206 10
128 1153 311 1234 publicatus,
343 1159 415 1212 tunc
446 1168 544 1230 neque
574 1149 733 1210 llebotomo
761 1169 858 1229 neque
887 1152 1063 1213 catharticis
1091 1154 1148 1212 iam

129 1245 174 1303 uti
202 1243 364 1302 conveniet.
411 1240 477 1300 lieri
505 1245 604 1299 autem
630 1257 691 1299 non
717 1245 817 1318 potest
842 1245 875 1299 ut
897 1238 948 1300 ille
971 1257 1062 1300 umor
1085 1258 1148 1300 cor-

129 1336 235 1409 ruptus
259 1331 420 1408 insaniam,
444 1329 496 1406 qui
515 1344 602 1387 omne
621 1345 729 1406 corpus
748 1329 815 1387 risu
837 1326 960 1387 horrido
980 1328 1147 1408 funestarit,

128 1419 176 1478 his
196 1416 352 1477 adiutoriis
370 1419 580 1494 purgationum
599 1414 739 1476 adhibitis
754 1415 791 1475 ad
810 1417 986 1477 interiorem
1000 1418 1147 1496 originem

129 1504 293 1566 identidem
321 1512 476 1565 revocatus
499 1506 612 1564 ventris
636 1503 682 1563 vel
710 1505 862 1582 sanguinis
891 1507 1051 1582 geminatis
1075 1506 1148 1566 effu-

91 1608 115 1648 15
132 1592 265 1653 sionibus
290 1600 433 1653 arceatur.
477 1593 530 1653 sed
552 1599 672 1653 vomant
695 1593 880 1671 frequentius
899 1600 930 1653 et
952 1593 1039 1654 lactis
1058 1593 1148 1655 bene-

133 1684 200 1742 ficio
224 1701 278 1761 per
302 1681 384 1742 cibos
408 1688 438 1741 et
460 1684 598 1760 potiones
622 1683 809 1742 enutriantur
833 1688 862 1741 et
884 1681 1087 1744 indulcentur.

219 1770 292 1830 locis
324 1789 394 1829 vero
427 1771 676 1830 contaminatione
701 1769 865 1830 'uulneratis
894 1772 1003 1830 omnia·
1022 1774 1149 1852 styptica

203 2000 216 2048 1
247 1993 419 2048 dulcioribus
443 1991 585 2062 (dulcibus
604 1993 630 2060 b)
658 1990 784 2062 nubria(u
799 1992 892 2061 b)nbur
908 1993 995 2049 chl.
1021 1995 1061 2075 b):
1089 1993 1147 2048 dul·

43 2125 44 2128 *
130 2065 252 2120 rioribus
283 2066 444 2132 frequenter
470 2063 604 2117 iuvantur
621 2063 657 2118 B.
766 2061 991 2119 sauromatis
1084 2065 1104 2120 f.
1123 2081 1147 2119 s.

131 2137 265 2190 iuvantur
279 2155 306 2191 r:
325 2135 409 2189 lactis
423 2135 442 2190 f.
458 2136 575 2188 utantur
594 2132 757 2202 acceptione
772 2133 867 2202 beet,
886 2133 969 2188 luctis
985 2135 1149 2218 acceptione

132 2210 228 2276 (quam
247 2224 282 2261 m.
311 2205 335 2260 si
353 2209 411 2275 etc.)
430 2206 466 2260 B.
539 2210 678 2273 braquam
701 2203 761 2258 eius
779 2205 815 2259 rb
828 2204 898 2260 Gel:
922 2221 1015 2274 aquae
1031 2209 1035 2275 Ι
1051 2224 1098 2261 rus
1114 2207 1149 2261 B.

132 2295 217 2345 quam
232 2276 335 2330 medici
349 2292 417 2329 oron
431 2278 525 2344 (orron
541 2276 609 2342 Get,
629 2291 731 2329 coroon
745 2277 769 2344 b,
787 2274 819 2328 id
833 2277 878 2330 est
891 2291 984 2330 serum
999 2279 1065 2333 add.
1082 2277 1150 2347 (iel.)

132 2347 279 2417 appellent
296 2348 333 2401 rb
345 2346 417 2401 Gel:
436 2346 513 2412 quod
531 2345 608 2415 greci
626 2362 695 2400 oron
713 2345 859 2416 appellant
876 2346 912 2402 B.
1019 2353 1036 2401 4
1054 2347 1149 2420 nepitg

128 2417 281 2485 ΙνΒ(Θεῑ.)ι
301 2417 385 2487 nepte
405 2417 495 2484 b(quc'
513 2432 563 2470 om.
582 2415 688 2486 herbe).
761 2418 821 2470 bet
836 2415 908 2471 haec
927 2418 1030 2472 eadem
1042 2419 1150 2475 Mel:

133 2489 162 2541 ei
179 2487 232 2539 heo
251 2485 326 2539 enim
343 2504 367 2554 r,
387 2486 529 2539 eteoclem
543 2488 567 2541 b.
622 2504 675 2556 pur
692 2488 774 2542 rbB:
793 2486 1022 2556 frequentissime
1032 2491 1149 2559 (iurum)

136 2558 192 2612 Gel.
286 2561 301 2609 6
321 2558 350 2609 et
368 2559 468 2625 (coag.)
486 2558 546 2612 rB:
566 2574 616 2613 om.
636 2559 722 2614 bGel.
833 2557 1075 2614 hebri-dicimus
1094 2562 1149 2631 (sio)

133 2627 254 2682 chl.B
268 2628 335 2694 (uisi
352 2629 424 2698 quod
442 2627 595 2682 lactentem
608 2629 658 2698 B):
678 2629 753 2683 cervi
771 2645 855 2697 quem
872 2645 923 2684 nos
943 2647 1060 2686 cervum
1077 2631 1149 2685 lucie

133 2700 192 2766 (sio)
213 2698 239 2753 d.
258 2716 281 2752 r.
370 2697 448 2751 9his
466 2701 516 2754 rb:
535 2698 646 2752 hisdem
665 2701 733 2767 Get,
752 2699 844 2754 isdem
863 2701 898 2754 B.
992 2700 1149 2771 (adhibitis)

134 2767 284 2822 adiutoriis
303 2771 367 2824 add.
388 2770 412 2824 b.
484 2770 597 2824 morbus
616 2773 652 2825 rb
664 2772 736 2826 Gela
754 2770 894 2826 morsibus
913 2771 991 2842 B(i).
1066 2773 1147 2842 ad(e)·

133 2856 259 2894 crescens
277 2842 314 2895 rb
328 2841 400 2897 Gel:
421 2841 605 2895 adherescens
623 2843 659 2897 B.
751 2848 784 2895 10
802 2858 854 2896 nec
872 2843 1062 2914 (catharticis)
1080 2845 1115 2899 B.

133 2910 192 2965 iam
210 2930 238 2966 r:
257 2927 307 2966 om.
323 2912 372 2967 Bb
382 2912 439 2968 eei.
496 2920 527 2966 11
549 2914 655 2967 autem:
673 2913 713 2968 sic
725 2914 762 2968 rb
774 2913 866 2969 (sein
879 2913 965 2982 (enim
978 2931 1049 2971 corr.
1061 2915 1147 2983 Neu.)

134 2987 252 3036 11-15:
271 2984 343 3038 Mena
360 2990 455 3039 contra
478 2984 662 3039 lbembcnem
684 2985 779 3054 arguit
802 2983 925 3040 Soranos
944 3002 990 3056 ap.
1008 2985 1082 3042 Cael.
1096 2987 1146 3042 cbr.

132 3059 158 3121 4,
178 3059 202 3109 7.
258 3054 290 3107 ut
308 3053 357 3107 ille
375 3052 476 3107 humor
493 3056 530 3109 rb
543 3055 613 3110 uei:
633 3053 711 3109 utile.
731 3055 816 3109 Ebeni
834 3053 935 3110 humor
953 3057 990 3112 B.
1058 3063 1090 3111 12
1108 3057 1145 3110 in·

132 3123 260 3180 sarriens:
275 3123 419 3177 insaniens
429 3125 485 3194 rB,
500 3124 530 3178 in
544 3125 637 3179 sanies
643 3127 732 3195 (corr.)
742 3127 799 3181 Gel.
806 3128 867 3195 (orn.
878 3128 912 3195 b).
959 3127 1144 3183 fimestaritr:

131 3194 289 3249 funestarei
304 3196 376 3263 (leb,
398 3198 478 3248 —ret
491 3196 532 3264 B,
552 3196 629 3250 -vit
648 3198 672 3251 b.
746 3202 780 3249 13
796 3195 945 3252 adiutoriis
964 3216 992 3266 p.
1013 3197 1144 3253 adhibitis

132 3282 182 3321 om.
202 3285 231 3348 r.)
256 3336 262 3347 ⁸
297 3265 453 3320 identidem
470 3267 518 3320 rB
529 3267 600 3323 Gai:
620 3284 669 3323 om.
690 3268 714 3322 b.
787 3268 893 3322 ventris
912 3270 1036 3350 (veneris
1051 3271 1089 3339 B)
1104 3266 1144 3322 vel

133 3352 374 3406 Μ
400 3336 451 3461 θῇ
468 3338 702 3394 ⁶*
766 3338 1142 3479 ..reclusistis

131 3477 305 3543 pohonesB.
378 3478 560 3533 indulcentur
577 3483 613 3536 rb
627 3481 698 3537 Gela
717 3479 888 3535 inducantur
906 3482 942 3537 B.
1008 3488 1068 3537 ’17
1088 3478 1140 3535 rul-

131 3547 238 3600 neretis
256 3549 339 3604 rbB:
354 3548 487 3603 ulceratis
508 3551 566 3606 θεῖ.
