2392 3922
518 182 725 236 VINDIOIANI

653 346 763 395 menses
778 355 843 394 ossa
858 339 937 394 dura.
957 339 1046 394 VIIII.
1061 356 1141 394 men-

654 409 692 464 sis
710 413 854 464 maturum
871 409 963 465 movit
986 409 1138 467 infantum.

652 481 690 536 Et
696 481 820 564 peractis
828 496 922 535 rerum
930 481 1043 535 naturis
1053 482 1141 536 bene·

653 552 725 607 ficiis
740 555 770 607 et
784 551 910 607 tenebris
921 552 959 606 ad
970 551 1065 607 lucem
1074 569 1141 607 con-

653 622 746 679 volvit
764 622 911 678 infantem.

153 768 222 837 (21¹)
233 764 393 821 continetur
402 767 498 818 autem
507 763 626 819 inutero
689 764 759 835 (21¹)
773 763 804 818 in
817 764 1142 834 mulieribuspregnan·

118 838 159 892 sic
175 854 313 892 summam
331 835 434 906 capitis
448 837 560 905 partem
573 834 626 890 cri-
652 835 740 892 tibus.
773 835 849 902 Quid
880 835 911 890 in
942 837 1025 891 utero
1052 836 1144 891 habe·

117 909 203 965 nibus
222 908 390 963 continetur.
413 922 508 977 genua
531 909 627 962 autern
654 907 693 976 <a
711 905 845 979 eorm>nt
877 906 931 961 hec
961 910 1030 962 sunt
1058 907 1142 976 signa

119 980 195 1036 oculi
218 982 284 1034 sunt
305 978 400 1048 posita
422 978 503 1044 (leid.
520 978 581 1045 XI,
600 981 627 1044 1,
655 993 719 1031 cum
746 976 849 1032 mulier
873 976 971 1046 puella
999 977 1031 1030 in
1059 980 1143 1032 utero

119 1056 187 1120 108)
207 1051 282 1105 unde
295 1050 348 1103 hec
362 1047 502 1104 tumentia
516 1050 546 1103 et
562 1064 628 1102 eon·
654 1047 790 1102 habuerit
827 1051 987 1103 senextram
1019 1051 1140 1121 partem.

120 1140 192 1178 cava
220 1121 295 1176 oculi
323 1121 394 1174 adeo
423 1135 509 1188 quam
534 1117 627 1188 primo
656 1117 776 1174 stabilit.
801 1117 848 1172 Sic
871 1121 901 1173 et
919 1118 1019 1174 oculus
1038 1119 1144 1174 mulier

118 1194 169 1248 ille
179 1193 295 1248 nomina
308 1207 402 1246 rerum
414 1192 518 1245 natura
531 1188 629 1259 posuit
655 1189 796 1244 tumedus.
816 1190 912 1245 habet.
933 1192 963 1244 et
978 1190 1063 1245 tarde
1083 1208 1142 1245 am-

119 1282 194 1336 genu
205 1267 235 1319 et
248 1279 328 1333 gene.
344 1260 466 1329 denique
481 1277 546 1315 cum
559 1277 627 1330 agro
655 1260 739 1315 bulet
767 1259 792 1315 si
819 1263 1064 1331 autempuerum
1091 1262 1144 1315 ha-

121 1336 217 1390 dolore
241 1337 291 1388 aut
315 1331 450 1386 iniuriam
468 1331 629 1400 acceperint
656 1330 752 1387 buerit
774 1348 922 1386 mensuum
945 1348 995 1386 sex
1019 1332 1141 1387 stabilit.

119 1405 248 1460 homines
272 1404 309 1458 ad
331 1419 426 1471 genua
449 1418 479 1455 se
506 1404 628 1471 proster-
658 1401 688 1457 Si
701 1401 1019 1472 indexterampartem
1033 1405 1063 1457 et
1077 1420 1144 1459 ocu-

119 1478 197 1530 nant.
222 1474 320 1528 statim
342 1471 528 1527 lacrimantur
547 1474 629 1540 (Iac.
657 1473 702 1529 lus
721 1473 824 1528 mulier
842 1490 928 1528 cavus
947 1473 1092 1530 habuerit.

120 1547 216 1613 XLI,
231 1547 298 1612 109)
319 1541 394 1597 oculi
410 1557 508 1596 eorum
525 1546 629 1598 natura

120 1615 242 1670 movisse
256 1613 342 1668 ⁸olem
355 1612 386 1666 in
395 1615 476 1667 utero
490 1615 627 1670 materno.

119 1704 171 1758 per
187 1701 290 1740 novem
302 1683 406 1738 mensis
422 1683 546 1739 sociatus
559 1683 629 1738 fuis-

122 1761 173 1814 set.
199 1757 249 1812 sed
266 1756 372 1810 multus
396 1754 482 1809 audio
502 1754 628 1810 dicentes

122 1830 249 1885 sinatus
273 1831 302 1883 et
328 1825 423 1880 infans
445 1843 509 1880 cum
533 1825 630 1896 tangit

121 1905 198 1956 terra
216 1916 315 1955 vocem
334 1899 391 1954 dat.
410 1897 465 1952 hoc
483 1896 535 1967 se(i
549 1900 629 1967 corr.)

124 1975 218 2028 essent
227 1970 360 2025 mulieres
370 1969 419 2038 qui
431 1985 504 2024 nave
513 1968 630 2051 pariant

123 2042 227 2098 multos
242 2045 271 2112 (i.
286 2060 306 2097 e.
321 2043 425 2110 mutos)
444 2042 592 2094 nutrirent.

159 2184 228 2254 (21²)
242 2186 274 2238 ut
288 2181 361 2237 scias
374 2181 477 2236 mulier
491 2199 554 2235 cum
567 2197 629 2251 pre·
694 2181 866 2250 (21¹)1nfans
874 2184 971 2235 autem
981 2183 1145 2237 contenitur

122 2272 214 2324 gnans
232 2252 371 2308 fueritin
390 2253 513 2307 dextra
529 2254 629 2322 parte
658 2251 699 2305 sic
709 2269 848 2306 summam
856 2255 968 2334 partem
976 2253 1080 2322 capitis
1089 2255 1143 2308 eri-

123 2324 290 2381 constabilit
313 2340 408 2378 semen
429 2340 510 2377 suum
528 2324 588 2377 hoec
605 2324 630 2376 sr'
656 2322 741 2376 nibus
751 2325 918 2378 contemtur.
937 2340 1031 2392 genua
1046 2329 1144 2380 autem

122 2413 210 2468 puero
228 2395 348 2450 habebit
370 2410 465 2449 mense
489 2397 568 2448 sexto
588 2410 629 2448 se·
658 2393 747 2448 oeulis
758 2396 824 2449 sunt
836 2393 975 2463 opposita.
995 2396 1078 2450 Unde
1089 2396 1143 2451 hec

123 2467 184 2522 mis.
205 2483 235 2521 se
255 2465 325 2520 timo
343 2481 439 2519 mense
458 2464 550 2519 sactus
569 2463 630 2534 ipse
658 2468 725 2519 sunt
734 2465 877 2519 tumencia
887 2467 917 2519 et
926 2482 1059 2522 concava.
1068 2468 1142 2521 adeo

124 2484 369 2591 octaboiabuerit
379 2534 469 2590 sedin
480 2534 630 2590 sinixtra
658 2538 797 2604 quantum
814 2535 937 2605 primum
951 2536 1010 2590 illis
1025 2538 1144 2592 nomina

123 2609 205 2676 parte
220 2606 313 2660 adhuc
323 2604 420 2659 oculus
430 2605 556 2659 tumidus
570 2625 630 2660 mu·
658 2624 755 2660 rurum
772 2610 877 2661 nature
895 2606 1022 2676 inposuit
1038 2625 1141 2678 genua.

123 2677 177 2731 lier
189 2675 316 2730 habebit.
335 2678 404 2729 tunc
420 2675 587 2731 constabilit
600 2677 631 2731 in
659 2680 688 2732 et
706 2677 845 2747 genediue
860 2695 914 2746 que
929 2695 993 2732 cum
1007 2696 1076 2749 agro
1093 2681 1144 2734 do·

125 2749 224 2802 dextra
238 2748 319 2816 parte
328 2762 405 2815 puer.
422 2746 524 2801 deinde
534 2748 631 2817 puella
657 2748 718 2804 lore
737 2751 787 2803 aut
804 2748 910 2804 iniuria
934 2753 1059 2819 accepta.
1084 2751 1143 2805 Ho-

123 2835 219 2873 mense
238 2817 337 2886 quinto
361 2817 525 2872 sextosemis
545 2819 631 2874 vertit
658 2819 743 2873 minis
755 2821 793 2874 ad
806 2824 1141 2902 genuaseprosternunt.

124 2891 155 2944 in
174 2889 289 2944 sinistra
313 2890 394 2957 parte
414 2888 511 2943 oculus
529 2889 631 2944 mulier
659 2889 747 2958 siquis
776 2907 851 2945 enim
874 2891 1059 2946 lacrimantur
1081 2892 1145 2947 vol·

124 2961 217 3016 clarus
237 2964 267 3016 et
284 2959 387 3013 rubeus
405 2959 540 3015 habebat.
658 2960 702 3014 uit
726 2977 773 3016 eos
795 2965 906 3016 natura.
929 2962 1092 3017 meminisse
1112 2979 1142 3017 se

659 3029 759 3085 oleum.
780 3030 849 3084 (lum
867 3031 898 3084 in
916 3035 997 3087 utero
1011 3035 1142 3088 materno

679 3116 709 3154 er
739 3116 842 3154 novem
877 3103 982 3156 mensis
1016 3104 1143 3159 sociatus

658 3118 766 3224 inisset.
791 3170 841 3223 sed
859 3171 965 3225 multus
986 3175 1078 3229 audeo
1099 3176 1144 3229 di—

659 3241 753 3293 centes
772 3241 840 3292 tunc
858 3237 953 3293 infans
971 3259 1071 3298 vocem
1090 3246 1145 3301 dat

659 3326 722 3362 cum
731 3311 808 3362 terra
816 3308 953 3377 tetigerit.
964 3311 1025 3365 Hoc
1036 3314 1061 3367 si
1071 3316 1146 3370 essit

657 3377 783 3432 mulieris
803 3393 857 3445 que
882 3378 913 3432 in
931 3397 1003 3436 nave
1022 3384 1147 3450 pariunt

658 3451 750 3502 motus
768 3447 902 3516 perirent.

841 3554 958 3623 rrae)
