2392 3922
80 167 146 232 282
413 169 761 221 renunc-renonem

81 342 211 394 renovas,
236 324 369 380 continuo
389 328 418 379 ct
437 325 564 380 dolorem
581 329 611 380 et
629 325 760 381 timorem
777 325 863 381 tollit.
893 326 941 380 vel
960 325 985 380 si
1004 325 1096 380 exsui

82 405 217 474 cuiusque
236 422 318 459 sexus
336 405 433 458 fimum
447 404 577 474 imponis.
603 408 709 460 stercus
725 423 874 476 caprarum
887 422 962 474 quae
980 405 1013 459 in
1024 423 1096 460 mon·

79 484 157 538 tibus
180 488 327 539 morantur
349 484 449 538 tritum
467 501 532 538 cnm
550 485 665 541 vincet
689 486 801 555 saepius
824 485 855 539 in
872 484 963 555 plaga
987 485 1097 555 spalan-

79 563 196 633 gionum
214 564 260 618 vel
279 581 447 619 araneorum
464 563 629 635 impositum
647 565 753 619 bonum
771 567 822 621 cst.
849 565 951 619 crabro
971 564 997 618 si
1018 582 1099 634 quem

53 642 218 712 emerserit,
237 643 312 698 lacte
331 644 440 698 arboris
454 644 501 697 fici
518 645 699 715 perimguitu
719 662 785 700 mox
803 645 931 700 dolorem
950 646 1042 700 sedat.
1062 645 1098 699 sic

79 722 146 776 lana
170 723 269 777 sucida
296 723 326 777 in
349 724 449 778 eodem
477 741 543 778 suco
567 724 690 779 intincta
713 728 743 780 et
766 725 902 795 imposita
925 728 956 780 et
979 725 1098 795 septimo

80 800 126 855 die
145 802 239 857 soluta
259 803 385 857 dolorem
403 804 493 858 sedat.
531 805 644 874 coaguli
663 805 750 860 haedi
775 805 822 859 vel
845 805 951 874 leporis
976 805 1099 875 scripula

79 879 136 935 tria
155 897 190 935 ex
207 882 274 937 vino
297 883 378 953 potui
402 884 477 938 dato.
506 882 560 937 hoc
583 885 613 937 et
636 887 735 939 contra
760 884 940 955 pastinacam
961 884 1101 938 marinam

80 961 156 1016 facit.
180 980 268 1018 ranae
291 964 409 1018 rubetae
427 980 536 1017 morsus
556 962 603 1017 vel
627 962 741 1017 afflatus
766 979 858 1032 sanas,
880 963 905 1016 si
928 979 1015 1018 ovum
1039 980 1101 1017 oum

41 1056 67 1094 10
81 1043 162 1095 aceto
181 1045 210 1098 et
228 1044 295 1098 vino
315 1046 426 1098 coctum
445 1042 535 1097 dabis.
565 1045 594 1096 et
613 1059 718 1111 aquam
736 1043 786 1097 ubi
808 1042 904 1111 plures
928 1045 996 1097 sunt
1014 1059 1101 1098 ranae

80 1119 251 1176 sorbendam
261 1124 337 1190 dato,
351 1121 522 1176 remediasti.
548 1122 747 1177 salamandrae
760 1139 902 1177 venenum
916 1122 982 1177 siin
996 1140 1101 1192 aquam

80 1198 215 1254 ceciderit
234 1204 263 1255 et
280 1201 392 1256 bibenti
410 1201 546 1270 nocuerit,
567 1202 682 1272 sanguis
701 1201 854 1257 testudinis
873 1201 1018 1256 terrestris
1038 1219 1102 1256 cum

80 1277 173 1333 farina
192 1297 306 1348 sparsus
326 1284 355 1335 ct
376 1281 407 1335 in
429 1282 544 1335 modum
568 1281 651 1351 panis
670 1281 763 1336 factus
782 1284 811 1336 et
830 1285 959 1350 sumptus
977 1283 981 1354 l
997 1285 1036 1351 (p.
1047 1286 1100 1350 48),

79 1357 126 1411 vel
143 1356 229 1412 tritus
247 1361 329 1430 potui
348 1361 431 1414 datus
450 1377 558 1415 veneno
577 1361 774 1415 laborantibus
793 1360 863 1415 mire
881 1361 1032 1417 remediat.

41 1450 67 1490 15
152 1437 262 1493 Vulnus
281 1442 358 1508 quod
376 1441 436 1494 sine
455 1440 528 1495 ferro
543 1441 653 1509 aperire
667 1440 747 1508 velis,
766 1439 841 1494 lauri
854 1439 925 1494 folia
939 1456 975 1494 ex
993 1439 1101 1510 frigida

83 1516 206 1571 intincta
224 1518 337 1588 impone
356 1522 385 1573 et
404 1519 509 1589 obliga,
529 1520 621 1589 aperit
640 1522 669 1574 et
689 1519 813 1574 discutit.

80 1622 129 1676 Ad
141 1623 167 1690 I,
180 1627 218 1678 23
234 1628 296 1692 (73)
317 1627 356 1680 de
375 1625 453 1695 igne
473 1642 570 1679 sacro
585 1628 659 1694 (post
676 1642 809 1679 vasorum
822 1625 954 1680 fictilium
967 1625 1019 1679 flos
1038 1643 1102 1680 cum

540 1707 638 1774 aceto).

0 1778 103 1851 tun)
175 1784 250 1838 Nam
268 1787 297 1839 et
320 1785 419 1839 scribis
443 1785 474 1839 in
492 1785 585 1854 ipsum
603 1784 697 1838 locum
715 1783 765 1851 qui
787 1783 897 1852 patitur
919 1783 996 1853 Ignis
1021 1801 1101 1838 sacer

41 1873 68 1912 2⁰
82 1863 161 1934 fuge,
184 1865 269 1919 livor
290 1868 419 1935 patente
439 1865 573 1933 sequitur.
601 1864 671 1918 item
690 1862 781 1917 scribe
803 1863 857 1917 hoc
881 1865 910 1916 et
935 1864 972 1917 ad
996 1863 1099 1932 capitis

80 1942 207 1998 dolorem
223 1946 413 2000 ΥωωΒΕνΙΕΙ
433 1948 493 2002 atu.
522 1944 592 1998 item
610 1943 701 1997 scribe
715 1944 940 1998 aOPOMatab).
965 1942 1053 2012 [Nam
1072 1945 1100 1996 et

80 2022 174 2078 olivae
192 2022 262 2078 folia
280 2024 311 2078 in
328 2023 395 2078 vino
415 2028 495 2080 cocta
514 2027 543 2079 et
562 2024 631 2078 trita
650 2025 679 2078 et
697 2022 846 2092 imposita,
866 2023 1014 2091 expertum
1033 2023 1096 2093 est]

80 2102 200 2156 Faecem
218 2103 292 2158 aceti
311 2121 375 2157 cum
393 2104 453 2158 ovis
473 2104 566 2157 crudis
590 2103 752 2158 commisces
772 2104 801 2155 et
815 2102 851 2155 de
870 2118 965 2171 penna
982 2100 1098 2169 illinies,

81 2181 147 2236 vide
165 2199 201 2237 ne
219 2182 298 2238 laves
317 2184 407 2238 donec
427 2188 550 2239 sanetur.
581 2183 651 2238 item
668 2182 815 2252 polentam
832 2181 906 2235 milii
925 2181 1099 2250 distempera

41 2267 68 2309 25
82 2277 146 2314 cum
164 2263 309 2317 albumine
328 2263 374 2317 ovi
393 2266 422 2317 et
442 2263 512 2332 oleo,
531 2279 665 2333 perunge,
684 2261 787 2314 mirum
805 2263 856 2314 est.
893 2259 1042 2329 porcinum
1061 2260 1098 2314 fel

82 2339 189 2396 illinies
209 2343 355 2412 dapenna
380 2342 411 2395 in
433 2343 550 2411 balneo,
575 2359 658 2411 saepe
682 2342 828 2410 expertum
851 2341 902 2394 est.
930 2338 1015 2392 ricini
1035 2357 1098 2393 san·

81 2420 155 2489 guis„
173 2420 295 2476 illinitus
322 2421 407 2476 valde
434 2423 558 2490 prodest.
587 2421 714 2490 strychni
738 2437 835 2474 sucum
862 2418 977 2473 illinies.
1012 2419 1099 2473 cheli-

82 2498 198 2554 doniam
215 2501 314 2556 tritam
333 2519 396 2555 eum
413 2518 487 2570 pane
505 2501 599 2555 infuso
618 2501 649 2555 in
668 2517 743 2568 aqua
761 2499 868 2569 ponito.
898 2497 983 2552 vituli
1002 2497 1100 2552 fimum

81 2595 178 2632 recens
202 2580 262 2634 sive
285 2580 424 2634 bubulum
450 2580 616 2650 impositum
642 2581 770 2650 prodest,
798 2579 844 2634 vel
872 2596 936 2632 cum
963 2581 1044 2632 aceto
1075 2578 1099 2632 si

41 2665 67 2706 8⁰
81 2657 241 2715 misceatur.
271 2659 431 2714 stellionem
450 2677 560 2713 sursum
573 2676 685 2714 versum
703 2663 819 2728 repente
837 2676 923 2713 manu
938 2659 1038 2712 dextra
1053 2656 1100 2712 vel

154 2829 272 2950 isliu
328 2879 680 2950 tspalangionum(sic)b.
717 2877 893 2934 4Scabrob.
936 2879 1096 2933 barboreb.

83 2964 195 3043 avla.
287 2985 449 3056 rcoaguu
468 2988 491 3040 u.
592 2984 638 3038 eu
658 2987 681 3039 a.
783 2983 1096 3055 eternoacum.

85 3063 118 3112 11
138 3075 213 3129 aqua
231 3059 254 3114 b.
327 3062 362 3111 14
380 3057 531 3127 remediat]
549 3056 592 3110 bis
610 3056 711 3110 duait
730 3053 884 3109 ottalanus.
980 3061 1013 3108 19
1034 3072 1098 3109 acer

85 3134 209 3200 (semper)
229 3131 253 3185 b.
299 3133 334 3182 20
353 3128 480 3196 seqnitur
497 3131 516 3182 i.
535 3125 714 3194 persequitur
732 3126 766 3191 cf.
786 3131 811 3178 et
829 3126 907 3191 infra
925 3127 984 3180 olco
1002 3133 1028 3181 ct
1040 3127 1096 3194 for-

83 3204 222 3256 mularum
240 3201 362 3269 smmpto
378 3201 489 3290 qemmis
507 3199 713 3266 inuolaturum,
733 3196 805 3249 velat
817 3195 921 3261 (Reoue
935 3198 1098 3251 oreb.1892

80 3277 169 3340 1255)
195 3279 281 3340 φεῦγε
310 3272 453 3338 nodosae,
480 3267 598 3338 περσεύς
621 3285 651 3322 σε
674 3267 771 3320 διώκει
790 3266 854 3335 [W.
869 3268 889 3333 f.
904 3268 939 3320 kl.
955 3268 1006 3321 Pb.
1023 3270 1098 3321 1892

79 3343 192 3414 11637]
210 3343 244 3410 cf.
264 3340 354 3397 Marc.
369 3344 473 3410 11379,
488 3343 532 3395 19.
624 3342 729 3392 21-29
748 3339 814 3391 baec
831 3354 865 3391 ec
891 3338 991 3392 Theoti.
1007 3343 1033 3404 1,
1053 3342 1096 3392 73.

83 3471 117 3519 23
137 3464 265 3520 comiscis
284 3453 325 3521 bs
390 3469 424 3518 26
442 3423 552 3517 balneis
564 3461 634 3533 (-is
653 3462 703 3517 del.
724 3462 803 3528 corr.)
820 3462 842 3514 b.
917 3466 950 3513 27
970 3459 1053 3514 eelid'
1073 3464 1096 3516 b.

84 3542 118 3590 29
138 3536 278 3590 bubulim‘r
297 3538 320 3591 b.
