2392 3922
416 188 845 243 33313333133333333333.
1066 187 1133 253 407

77 349 102 400 23
183 338 357 416 Capparis
381 344 518 400 virtutem
535 345 624 400 habet
646 345 771 401 calidam
789 349 818 401 33
836 346 985 417 acriorem,
1009 347 1133 403 etfacit

116 425 278 496 specialiter
296 425 336 479 ad
354 423 492 479 3133131331
510 423 628 494 splenis,
652 423 677 479 si
699 425 763 493 quis
789 443 853 481 cum
871 429 952 482 aceto
976 430 1026 482 aut
1048 427 1133 482 melle

117 521 250 575 aporema
268 503 387 574 biberit,
407 506 458 558 aut
475 503 648 559 extrinsecus
663 504 728 558 eliis
741 506 956 562 medicamentis
974 507 1133 562 commixtis

116 585 206 655 spleni
223 583 404 655 imposuerit.
426 587 507 639 curat
525 587 555 640 et
573 581 686 640 dolores
703 585 838 655 dentium,
858 586 883 640 si
901 586 933 640 in
951 590 1032 642 33333
1052 590 1133 642 cocta

115 664 208 734 fuerit,
227 665 258 720 et
271 666 386 719 acetum
398 663 494 732 ipsum
511 663 542 718 in
560 674 608 719 ore
625 664 757 719 tenuerit.
1159 681 1174 722 3

75 749 101 798 33
184 744 446 800 cardamomum
463 743 582 797 nimium
600 744 714 799 virtutis
734 744 845 800 calidae
859 748 910 814 est,
930 745 961 799 in
974 749 1087 801 tantum
1101 749 1134 800 ut

117 826 140 879 si
157 824 223 894 quis
236 824 371 894 pulveres
385 821 447 878 eius
462 822 642 892 disperserit.
654 869 660 879 .
672 869 678 879 .
689 823 811 892 denique
825 823 897 878 facit
911 824 949 878 ad
961 825 1132 880 ischiadicos

116 905 237 959 linitum
256 903 347 958 habet
366 905 396 958 et
414 899 633 958 amaritudinem
646 905 797 974 quandam,
816 921 867 975 per
880 922 966 973 quam
979 905 1132 960 lumbricos

116 983 229 1040 occidit.
253 983 327 1038 fecit
353 983 392 1037 ed
420 981 532 1037 scabies
560 985 760 1054 extergendas,
784 984 809 1038 si
832 1001 896 1038 cum
923 986 1004 1039 aceto
1032 985 1133 1039 tritum

115 1064 207 1119 fuerit.
1147 1079 1174 1118 ro

74 1148 98 1197 31
185 1143 390 1199 castoreum
407 1141 540 1197 calefacit
553 1145 584 1197 et
598 1142 687 1198 siccat
705 1146 735 1198 ct
747 1143 860 1198 fortiter
878 1145 1020 1198 extenuat.
1040 1145 1070 1197 et
1088 1146 1132 1198 est

115 1223 305 1279 necessarium
322 1221 408 1277 valde
424 1221 528 1290 quibus
546 1239 581 1278 ex
599 1222 777 1278 abundantia
794 1240 923 1278 umorum
941 1226 1068 1292 spasmus
1090 1223 1130 1277 fit.

116 1303 186 1359 facit
209 1306 240 1360 et
263 1303 303 1358 ad
326 1300 463 1356 tremulos
484 1301 531 1357 vel
554 1302 592 1356 ad
615 1318 711 1357 omnes
732 1302 879 1372 passiones
903 1318 1053 1358 nervorum
1071 1301 1133 1356 sivc'

115 1383 223 1439 cerebri
240 1380 421 1437 mirabiliter.

71 1468 99 1517 32
185 1461 400 1518 Centaurica
413 1460 530 1516 maioris
543 1461 654 1515 radices
669 1461 806 1516 acriorem
819 1465 849 1516 33
860 1462 982 1518 calidam
998 1462 1133 1518 virtutem
1148 1473 1174 1514 15

115 1544 235 1612 habeut,
259 1545 290 1598 et
306 1543 464 1611 provocant
486 1539 630 1596 menstrua
648 1543 678 1595 33
703 1542 865 1598 abortiones
885 1544 1038 1613 deponunt.
1063 1543 1134 1598 facit

115 1626 144 1678 33
161 1623 201 1677 ad
220 1638 270 1677 eos
288 1620 340 1690 qui
358 1618 526 1690 sanguinem
544 1623 678 1692 expuunt,
698 1621 722 1675 si
741 1638 789 1676 sex
803 1622 927 1692 scripula
942 1625 993 1678 aut
1010 1623 1041 1677 in
1059 1639 1134 1691 aqua

115 1705 165 1758 eut
191 1702 224 1756 in
253 1701 323 1756 vino
350 1699 524 1770 acceperint,
556 1700 589 1754 id
615 1703 660 1756 est
685 1700 881 1757 febricitantes
908 1702 940 1756 in
967 1718 1055 1770 aqua,
1082 1701 1133 1756 alii

114 1801 144 1837 m
160 1798 238 1837 vrno.

73 1875 100 1925 33
185 1870 272 1926 Cera
289 1868 406 1925 virtutis
428 1866 578 1923 mediocris
598 1869 642 1922 333
660 1870 689 1922 33
711 1884 802 1937 neque
828 1867 961 1922 calefacit
978 1883 1069 1935 neque
1088 1867 1130 1919 in-
1146 1879 1172 1919 33

115 1950 234 2021 frigidat
252 1965 346 2019 neque
364 1949 499 2016 umectat,
518 1945 569 2000 sed
587 1945 753 2015 adiungitur
766 1945 915 2000 adiutoriis
934 1962 1008 2012 quae
1027 1945 1133 2000 extrin-

117 2047 194 2084 secus
212 2029 407 2097 imponuntur.

75 2122 102 2170 13
185 2113 378 2184 cucurbita
396 2113 532 2168 virtutem
549 2113 637 2168 habet
650 2113 786 2182 frigidam
799 2114 829 2166 et
842 2113 990 2165 umectam.
1011 2110 1132 2178 denique

117 2195 185 2251 facit
202 2211 306 2250 rasura
322 2192 414 2263 ipsius
433 2193 471 2246 ad
484 2195 623 2248 tumorem
637 2193 748 2247 aunum
761 2191 811 2259 qui
825 2208 860 2246 ex
873 2190 982 2245 fervore
996 2190 1132 2260 nascitur,

185 2422 201 2471 1
222 2415 321 2470 Simon
337 2430 359 2469 3.
378 2413 493 2483 Kapara
511 2431 597 2482 quam
610 2413 694 2468 multi
712 2409 1068 2494 313333333(κ333333333)
1083 2415 1134 2468 aut

117 2487 192 2611 ⁰²¹³?
193 2481 399 2612 οἲεὲῒῖἷὲῗέ)
412 2484 680 2611 1131133113
681 2482 967 2623 13113113
987 2484 1135 2612 diimpl

117 2575 343 2694 1133333333
362 2626 456 2681 113333.
470 2629 498 2693 2,
512 2631 567 2681 204
584 2633 610 2681 33
628 2625 734 2706 Sabas¹
760 2625 899 2706 33333113.
1046 2597 1051 2610 ⁸
1080 2573 1119 2626 Pr

184 2699 298 2781 [Simon
311 2695 499 2778 3031133133.
514 2696 599 2751 Theo.
619 2697 716 2750 Prisci.
740 2695 920 2750 celrdonia
939 2696 1030 2751 maior
1049 2714 1136 2766 quam

117 2769 198 2824 multr
216 2767 359 2824 othomon
375 2769 488 2822 vocant.
509 2767 616 2836 (Dicar.
630 2769 658 2835 2,
671 2769 735 2822 211.
753 2766 789 2832 cf.
802 2767 883 2838 213)]

186 2988 202 3037 1
220 2981 266 3035 De
284 2994 416 3050 cepparo.
436 2977 577 3048 (13333333
599 2977 632 3032 G.
723 2982 739 3029 2
759 2976 937 3046 especialiter
957 2976 990 3031 G.
1082 2976 1133 3045 spl.

117 3053 151 3107 Et
169 3053 196 3107 si
214 3050 280 3120 quis
295 3097 302 3107 .
318 3093 325 3105 .
341 3093 348 3105 .
365 3049 400 3104 G.
423 3085 425 3089 ,
455 3048 618 3119 3333313133
638 3047 671 3103 G.
727 3046 920 3117 4inposuerit
934 3048 1022 3100 curat.
1041 3046 1079 3099 Et
1100 3046 1133 3101 G.

118 3127 181 3179 333
200 3124 284 3177 aceto
302 3120 398 3191 ipsum
413 3119 447 3175 G.
520 3127 536 3174 3
555 3119 597 3173 113
616 3119 806 3173 cardamomo.
826 3117 1012 3172 Cardamomn
1028 3116 1061 3170 G.

119 3191 321 3263 ldisperserit
334 3189 457 3258 denique
472 3192 543 3259 (33333
563 3192 676 3259 lawa)
693 3189 725 3244 G.
782 3187 913 3242 sciaticos
929 3187 962 3242 G.
1014 3184 1135 3239 taicum

118 3268 201 3320 ecetr’r
221 3263 257 3319 G.
331 3267 365 3316 12
383 3260 583 3316 habundantia
601 3267 665 3316 33333
682 3276 752 3316 corr.
773 3258 807 3313 G.
892 3263 926 3310 13
944 3256 1078 3310 tremolos
1100 3256 1133 3311 G.

186 3349 321 3389 uerutum
338 3331 399 3387 sive
418 3332 564 3387 cerebrum
582 3331 615 3386 G.
690 3335 723 3385 15
741 3329 783 3383 De
802 3327 955 3383 centauria.
975 3326 1134 3381 Centauriis

118 3408 180 3475 (313)
202 3405 238 3461 G.
296 3409 330 3459 11
344 3401 537 3473 scripulasG.
594 3406 627 3456 18
646 3399 787 3470 acceperit
807 3399 840 3454 G.
895 3403 930 3452 20
947 3397 1086 3466 infrigdat
1100 3397 1133 3452 G.

118 3481 150 3529 21
169 3473 311 3530 adiutorii
330 3474 365 3530 G.
412 3476 472 3527 ²22
490 3472 665 3543 inponuntur
681 3472 714 3527 G.
786 3473 820 3523 23
838 3468 999 3523 humectam
1015 3469 1086 3537 (313)
1100 3468 1135 3523 G.

118 3551 151 3602 24
168 3551 272 3601 rasura
292 3545 404 3615 (1(333
422 3541 569 3614 §coatrae
588 3544 677 3597 33333
695 3541 711 3600 ὁ
729 3538 828 3611 χυλός).
906 3539 944 3594 ed
961 3538 1079 3595 humore
1100 3539 1137 3597 G.
