2392 3922
122 197 190 263 460
525 195 731 251 vnlnlcum

160 359 215 426 (24)
229 355 259 409 in
274 354 406 410 dentibus
420 355 524 409 nostris
537 353 631 424 queris
696 356 752 436 (24)
772 353 827 409 Sed
846 353 945 409 dentes
956 354 1070 407 nostras
1090 369 1143 420 que

123 428 196 484 vitia
214 426 245 480 in
266 425 307 480 eis
334 428 384 481 est.
408 426 526 480 reddam
549 425 631 480 vobis
660 441 705 480 res
719 425 808 481 viciat
821 424 910 479 reddo
924 423 1077 479 racionem.
1092 423 1143 476 hu·

123 497 270 553 rationem.
280 496 348 565 quia
355 497 456 551 humor
465 499 509 552 est
518 496 632 565 nequis·
660 513 722 552 mor
739 494 913 565 nequissima
926 495 977 564 qui
997 493 1143 564 decapite

125 568 241 637 simus‘)
265 567 314 636 qui
336 567 371 621 de
395 567 489 638 capite
518 568 633 623 descen·
662 567 816 623 descendit.
831 567 948 622 undeet
961 569 1090 621 auttores
1105 565 1144 619 sio

126 640 176 695 dit.
187 638 261 693 sicut
271 655 366 693 omnes
376 641 490 694 autores
501 638 634 694 dixenmt
661 638 794 694 dixerunt
811 639 927 692 Iustus
943 637 1018 692 dixit
1030 637 1145 692 maliter

124 709 304 765 melliadis
319 709 399 765 dixit.
419 709 633 783 me<ooorr.)l-
661 711 780 766 asiduus
811 711 894 779 petra
926 725 1006 765 cava.
1039 707 1144 763 tumidi

124 781 192 835 lidie
216 780 354 835 adsiduae
377 783 459 850 petra
483 783 564 836 curat
581 781 633 834 hu·
700 784 752 836 tta.
772 780 838 854 <hcc
851 781 915 836 add.
927 796 997 836 corr.
1007 783 1082 835 iuter
1096 780 1144 834 lia.

125 852 204 907 mida
222 853 306 921 gutta
326 850 516 925 aristoto<o
528 852 633 925 0011.)-
690 850 875 907 alustius
917 851 960 905 ait
998 850 1145 905 stillicidia

126 924 170 977 lis
191 922 272 978 dixit.
292 922 430 977 stilicidia
443 922 578 993 guttandi
592 922 634 976 la·
661 925 766 994 gutta>
791 921 925 976 instando
948 921 1078 992 lapidem
1101 937 1146 976 ca-

125 994 223 1065 pidem
241 997 329 1048 cavet.
349 993 444 1063 lupio
460 993 533 1048 dixit
550 995 634 1063 gutta
660 997 717 1049 vet.
736 992 910 1063 Virgilius
929 992 973 1047 ait
991 995 1077 1062 gutta
1101 1009 1146 1046 ca-

125 1068 208 1121 cavet
226 1064 352 1134 lapidem
370 1081 428 1119 non
450 1080 555 1134 ponere
574 1066 632 1136 (lep.
660 1068 710 1120 vet
728 1064 860 1135 lapidem.
880 1080 938 1119 non
956 1063 1075 1119 viribus.
1096 1064 1146 1118 sed

125 1137 260 1208 pondere)
289 1137 339 1190 sed
365 1135 461 1206 potius
490 1151 556 1206 sepe
588 1152 634 1189 aa
662 1153 728 1206 sepe
744 1135 879 1190 cadendo.
893 1134 1003 1189 Humor
1017 1151 1086 1204 ergo
1101 1151 1145 1188 ca·

127 1209 251 1263 dandum
268 1209 365 1261 tamen
387 1206 490 1276 capitis
508 1205 634 1260 humoris
661 1207 731 1278 pitis
742 1223 845 1261 oumre
855 1205 945 1261 semul
956 1205 1082 1260 deludet.
1097 1205 1146 1260 sed

126 1280 177 1334 sed
205 1294 234 1332 se
259 1276 425 1332 diffimderit
446 1277 517 1332 facit
539 1277 635 1332 ulcera
662 1279 694 1332 in
707 1275 981 1333 cutefacitvulnera
995 1276 1145 1331 amariora.

127 1365 225 1404 amara
252 1347 283 1401 in
308 1347 410 1417 capite.
440 1348 577 1418 alopioias
606 1350 635 1403 et
663 1348 795 1419 alopicia.
820 1347 884 1403 Sive
908 1347 939 1402 in
962 1365 1080 1419 sporum
1099 1348 1146 1401 do-

125 1418 230 1473 uimius
252 1417 363 1472 dolores
386 1419 482 1473 omnia
506 1436 555 1473 ora
572 1419 635 1489 pul·
663 1421 752 1476 lorem
767 1418 869 1490 capitis
884 1418 930 1474 vel
949 1418 1093 1489 virginem
1106 1418 1147 1472 fa·

125 1505 241 1543 monum
259 1491 288 1542 et
311 1488 403 1542 tocius
430 1490 554 1559 corporis
573 1506 636 1544 ver·
664 1492 711 1548 cit.
730 1491 762 1545 in
780 1489 869 1545 oculis
883 1489 1024 1560 fervore(v
1038 1493 1149 1560 corr.)m

125 1558 247 1628 tiginem
265 1560 294 1611 et
312 1559 445 1615 tenebras
464 1560 536 1615 facit
555 1576 636 1614 occu·
663 1561 1017 1632 inpetumlippytudinem.
1028 1564 1148 1631 ganamt

126 1630 226 1684 lorum.
262 1628 373 1684 fistulas
406 1631 459 1685 sub
484 1631 636 1701 vpalpebris
664 1633 824 1704 caliginem.
848 1631 922 1686 siin
944 1632 1023 1687 naris
1045 1633 1147 1702 pulyp-

127 1699 383 1826 reuQmatismus
397 1705 516 1772 generat
535 1705 564 1757 et
582 1702 636 1772 lip
663 1722 732 1775 pum
750 1704 774 1758 si
793 1703 826 1757 in
847 1702 979 1758 maxillas
999 1703 1146 1758 fervorem.

128 1773 192 1843 pitu
214 1773 220 1783 '
244 1789 273 1826 es
282 1772 413 1827 nutriunt
427 1775 457 1828 et
469 1773 638 1844 capillorum
665 1774 858 1831 obtumiscunt
883 1773 1014 1845 gengive.
1043 1775 1148 1828 Tumor

127 1845 212 1899 nocet
239 1846 268 1898 εὴ
295 1843 432 1913 caligines
465 1847 494 1900 et
521 1844 636 1899 albarae
664 1846 852 1916 gengivarum
877 1847 967 1900 donec
992 1846 1064 1900 dant
1083 1846 1149 1900 den-

129 1915 275 1970 oculorum
297 1918 326 1970 et
353 1914 476 1986 oyiirgia
498 1915 529 1969 in
553 1932 636 1970 nares
665 1917 740 1973 oium
758 1915 863 1971 radicis
881 1916 948 1972 inde
962 1916 996 1971 fit
1010 1916 1045 1971 uf
1060 1916 1149 1985 quod-

150 1985 257 2056 olipum
271 1985 302 2039 in
317 1986 449 2040 dentibus
468 2002 569 2041 cancer
583 1987 635 2041 sub
665 1989 729 2044 dem
752 1987 829 2058 cal<i
843 1987 1006 2061 corr.>dum
1027 1987 1075 2042 vel
1100 1987 1148 2040 fri-

142 2057 148 2068 '
211 2074 228 2111 a
261 2057 337 2125 quod
365 2057 470 2112 dicitur
497 2075 568 2113 rana
594 2057 636 2111 ibi
664 2060 763 2130 gidum
782 2061 931 2113 contenere
945 2075 1004 2113 non
1023 2061 1146 2129 possent.

129 2131 213 2182 nocet
241 2130 270 2182 εὴ
299 2127 379 2182 dolor
406 2129 542 2184 dentium.
569 2128 637 2182 inde
823 2129 987 2198 Explicit.

130 2198 327 2280 epilempticis⁸
346 2199 507 2255 efficiuntur
534 2202 564 2254 εὴ
581 2199 637 2281 ¹hu-

129 2286 430 2421 altaalta?
451 2271 637 2396 {lustu

130 2412 226 2465 fauces
250 2410 351 2492 exinde
380 2412 579 2467 obtumisount.
608 2414 638 2466 et

131 2483 637 2632 lulzalttllltttltttl

129 2621 163 2674 fit
176 2624 209 2674 ut
223 2621 333 2688 aquu1d
346 2638 437 2691 neque
452 2622 578 2678 calidum
591 2641 638 2679 ne·

131 2707 185 2760 que
207 2690 344 2761 frigidum
367 2692 398 2746 in
423 2709 470 2748 ore
494 2694 638 2750 continere

130 2780 188 2817 non
197 2765 323 2832 possunt.
339 2765 369 2817 et
383 2763 407 2817 si
421 2763 532 2833 aliquid
541 2768 639 2836 gusta

131 2833 225 2888 verint
248 2833 346 2889 statim
368 2852 478 2890 morsus
501 2853 566 2891 cum
588 2854 638 2892 suo

132 2905 270 2975 sanguine
292 2905 433 2975 incipiunt
456 2909 638 2964 commedere.

345 3154 425 3223 aa)
844 3154 961 3222 111(11)

204 3294 381 3364 “Muretus
396 3297 411 3351 l.
422 3297 462 3350 ΙΙ
471 3298 503 3352 dc
517 3298 606 3352 turdis
614 3297 793 3366 passionibus
802 3298 838 3364 (q.
854 3295 880 3348 cl.
891 3295 1071 3366 Eacolupias)
1085 3300 1152 3354 hoec

131 3365 171 3419 sic
184 3366 252 3420 citat
269 3383 290 3420 c.
307 3368 339 3420 X
350 3368 382 3420 dc
396 3368 519 3422 dentiam
532 3369 608 3422 uitiis
624 3408 633 3423 „
649 3411 655 3422 .
671 3411 676 3421 .
693 3365 760 3434 quia
778 3365 879 3418 humor
897 3367 941 3418 est
958 3368 1150 3435 nequissimus

132 3433 235 3513 capitis
259 3435 308 3503 qui
327 3437 425 3490 dentes
443 3437 542 3504 vitiat,
568 3437 642 3491 sicut
659 3435 900 3505 comparationem
918 3435 1007 3504 ipsius
1026 3438 1157 3507 legendo

132 3502 291 3560 didicimus.
314 3506 462 3561 stillicidia
480 3507 620 3577 guttando
638 3509 750 3577 petram
768 3507 859 3562 cavat.
879 3506 949 3560 item
967 3506 1082 3562 assidue
1100 3526 1151 3578 pe·

132 3575 207 3626 tram
221 3578 305 3630 cavat
318 3576 436 3631 humida
449 3579 541 3647 gutta,
559 3594 617 3632 non
626 3578 753 3648 pondere
769 3577 819 3631 sed
838 3593 921 3648 saepe
938 3577 1066 3632 cadendo
1077 3581 1149 3646 (eod.
