2392 3924
347 179 576 234 EUPORISTON
592 180 851 235 FAENOMENON.
1066 182 1108 246 87

90 345 263 406 laciendum
286 351 346 424 est,
374 344 427 405 sed
450 363 525 423 quae
547 345 635 423 piper
656 363 716 405 non
738 345 906 406 habuerint.
952 349 996 407 sic
1019 349 1109 408 etiam

87 435 129 494 de
152 433 253 494 bulbis
276 431 351 493 albis
375 451 443 493 cum
467 432 555 492 melle
581 436 717 494 contritis
740 429 804 494 loca
831 435 1005 513 frequenter
1028 454 1108 496 com-

90 529 173 583 mota
200 528 304 583 curata
330 527 409 582 sunt.
454 527 485 582 ct
510 520 621 600 lycium
648 522 781 583 indicum
805 525 909 584 tritum
933 543 1000 585 cum
1024 543 1108 586 cero-

89 613 168 671 tario
201 629 239 671 ex
271 610 337 671 oleo
366 627 455 670 roseo
484 616 649 689 temperato
681 609 882 692 adhibuimus,
915 615 964 673 eui
996 617 1108 693 saepis·

90 703 167 760 sime
191 699 345 778 sulphuris
366 700 427 758 viri
450 700 601 778 quippiam
624 700 690 759 triti
713 701 974 778 superadiecimus.
1134 714 1147 755 ⁵

182 795 229 849 est
247 795 277 848 et
294 788 352 848 hoe
370 804 464 866 genus
483 788 624 847 adiutorii
638 787 840 850 utilissimum.
874 808 978 869 spuma
992 793 1108 869 argenti

88 885 121 938 et
140 893 265 938 cerussa
281 877 380 937 unciis
400 874 535 958 singuliS,
553 882 602 936 tus
621 876 785 938 masculum
800 885 830 938 et
849 897 969 939 crocum
988 897 1107 940 semun-

90 968 146 1026 ciis
170 964 307 1044 singulis.
349 983 418 1025 cnm
440 967 509 1024 vino
529 971 558 1025 et
577 965 642 1025 oleo
660 968 765 1026 tritum
789 973 819 1026 et
841 969 1034 1028 commixtum
1057 969 1106 1028 ad-

89 1054 257 1116 hibendum
289 1060 344 1114 est.
391 1060 422 1114 et
448 1055 495 1113 ovi
527 1052 661 1114 vitellum
693 1061 810 1116 coctum
843 1063 872 1115 et
902 1057 1007 1116 tritum
1039 1075 1107 1117 eum

90 1143 180 1204 melle
200 1150 230 1204 et
249 1142 314 1202 ole'o
329 1160 416 1204 roseo
431 1144 624 1202 commixtum
643 1145 714 1203 satis
733 1143 797 1204 loca
815 1142 999 1221 indignantia
1017 1146 1105 1205 iuvat.
1123 1159 1148 1197 1⁰

89 1234 142 1293 sic.
157 1231 301 1311 butyrum
329 1249 398 1292 cum
423 1229 553 1291 medulla
579 1233 714 1312 cervina,
738 1240 983 1311 oesypocerotum
1006 1239 1036 1293 et
1058 1240 1106 1294 tus

89 1321 265 1381 masculum.
308 1319 445 1380 omnibus
469 1337 505 1379 ex
529 1337 623 1397 aequo
646 1322 814 1381 commixtis
835 1327 865 1381 et
882 1323 972 1403 tritis,
994 1320 1058 1381 oleo
1078 1329 1107 1382 et

90 1412 160 1469 rino
196 1408 336 1469 similiter
371 1409 544 1487 temperatis
581 1410 677 1468 curati
709 1416 780 1469 sunt
811 1410 991 1488 frequenter.
1037 1411 1107 1472 huic

89 1498 310 1559 medicamento
333 1499 423 1557 etiam
445 1496 556 1575 lycium
578 1497 711 1557 indicum
735 1498 957 1559 admiscendum
981 1505 1034 1560 est.

183 1589 210 1646 si
237 1585 390 1664 ragadium
420 1586 531 1646 laetum
559 1585 662 1665 luerit,
693 1587 750 1646 hoc
777 1587 993 1648 medicamento
1021 1590 1106 1666 prius
1116 1585 1159 1650 82

89 1693 146 1736 nos
174 1677 220 1735 uti
247 1676 417 1753 conveniet,
444 1692 480 1733 ex
508 1673 574 1733 oleo
601 1691 688 1734 roseo
716 1676 786 1735 trito
815 1675 877 1735 solo
905 1678 937 1736 iu
968 1676 1106 1755 plumbeo
1122 1690 1147 1730 1o

89 1782 160 1824 vase
185 1770 215 1823 et
241 1762 353 1841 pistillo
377 1761 469 1822 simili
495 1780 591 1840 usque
619 1764 651 1821 in
677 1764 892 1841 pinguedinem
916 1764 1013 1825 mellis
1038 1783 1106 1825 con-

90 1853 178 1913 lecto.
211 1858 328 1912 namet
346 1852 512 1912 caricarum
529 1852 685 1929 pinguium
705 1851 928 1913 combustarum
949 1855 1024 1913 cinis
1039 1855 1107 1914 vino

68 1984 558 2137 ·habu1eriii¹ta0(ieiuicdale²iiuqi(id
575 1985 624 2124 59)
693 1985 963 2111 hahpereigngippphri
963 1987 1018 2110 idue
1018 1987 1108 2111 1iiiiid

88 2131 176 2185 odel.
270 2127 426 2181 3indrcum
443 2097 564 2182 rbGel.’:
585 2125 651 2180 inde
670 2126 843 2196 con(tritum)
857 2128 892 2182 B.
966 2133 983 2180 4
1001 2128 1107 2197 tempe·

89 2202 153 2254 rato
171 2218 200 2255 r:
220 2200 326 2252 -tum
335 2199 363 2252 B
374 2198 431 2253 Get.
548 2196 727 2252 adhibuimus
746 2198 794 2252 rB
806 2197 876 2253 uer:
897 2196 1063 2251 adhibemus
1082 2201 1106 2254 b.

89 2277 108 2325 4
127 2270 173 2326 eui
191 2271 228 2327 rb
239 2270 311 2326 Gal:
335 2271 365 2323 et
385 2269 421 2323 B.
553 2274 569 2323 5
593 2267 830 2338 superadjecimus
853 2269 948 2324 rdet:
973 2268 1107 2324 -icimus

89 2344 119 2397 Β
142 2338 391 2423 (superaddimus
417 2339 451 2407 b).
560 2345 576 2392 6
600 2341 643 2393 est
666 2340 694 2392 et
716 2339 769 2393 hoc
791 2340 850 2394 rB:
876 2339 929 2393 hoc
952 2340 1035 2395 odet.
1079 2381 1082 2386 -

91 2419 106 2466 7
127 2412 219 2467 unciis
244 2409 363 2481 singulis
381 2412 421 2465 B:
447 2408 548 2464 unciae
572 2409 700 2479 singulae
721 2411 779 2466 dez.
799 2413 865 2479 (ena
883 2411 1004 2481 ÷1.o),
1023 2428 1073 2466 ooo.
1092 2431 1108 2467 r

88 2488 164 2549 (eum
181 2499 251 2552 seqq.
270 2498 356 2551 osque
374 2483 412 2536 od
429 2485 475 2536 afl.
488 2485 524 2548 ᾖ
539 2480 576 2546 S).
649 2496 771 2536 crocum:
792 2480 833 2534 sic
851 2482 879 2535 B
890 2482 948 2538 Gal.
963 2485 1012 2552 (c'c.
1028 2483 1062 2552 b).

89 2555 121 2609 in
144 2573 166 2610 s.
191 2551 312 2624 singulis
331 2553 371 2607 B:
397 2567 520 2606 semunc.
543 2550 672 2622 singulae
697 2552 834 2620 cetuna
849 2560 865 2606 t
881 2555 910 2622 b,
934 2559 978 2609 an.
993 2553 1058 2621 >S
1072 2556 1106 2622 r).

90 2632 108 2679 9
132 2627 247 2680 coctum
270 2625 299 2677 et
321 2622 421 2677 tritum
439 2623 538 2679 odet:
558 2622 632 2677 coeti
653 2621 797 2692 bitume,
822 2625 932 2678 coctum
953 2624 1053 2678 tritum
1071 2626 1106 2679 B.

91 2703 126 2751 10
144 2711 226 2750 roseo
245 2696 282 2750 rb
293 2695 366 2750 oeta
385 2710 435 2749 ont.
450 2695 473 2749 b.
549 2699 580 2747 11
601 2695 831 2763 oesypoeerotum
844 2697 889 2764 (ef.
903 2696 997 2751 Dioso
1008 2702 1037 2764 2,
1046 2698 1107 2766 84):

89 2783 180 2837 ysopo
200 2767 294 2821 ceroto
314 2767 337 2832 b,
357 2766 386 2818 et
405 2780 473 2835 sopo
492 2766 617 2819 cerotum
630 2765 666 2833 Β,
685 2766 715 2818 et
727 2765 834 2834 hysopo
853 2769 978 2820 cerotum
994 2767 1062 2835 cet,
1079 2768 1108 2820 et

88 2856 213 2908 ysopum
232 2837 358 2891 cerotum
375 2854 398 2891 r.
482 2842 514 2889 12
533 2834 629 2889 mixtis
649 2835 678 2889 et
695 2835 771 2889 tritis
789 2854 813 2905 r,
831 2836 907 2890 tritis
926 2837 1053 2890 inmixtis
1071 2837 1107 2891 B.

91 2915 126 2964 14
148 2911 195 2964 hic
218 2909 283 2962 add.
303 2909 319 2961 b
341 2906 448 2961 lentem
468 2907 644 2961 combustam
666 2912 713 2962 etc.
733 2908 763 2976 (2
781 2910 891 2974 cerno).
934 2908 1031 2963 deinde
1054 2923 1106 2976 seq.

89 2997 151 3050 cop.
163 2980 199 3034 de
214 2977 328 3048 siringis
340 2981 385 3044 (==
398 2978 477 3045 infre
491 2995 512 3032 c.
524 2978 646 3046 XXXI)
662 2978 750 3032 locum
763 2979 796 3032 de
808 2979 934 3047 cupediis
943 2978 1109 3046 praecederes

91 3054 135 3120 (in
154 3052 191 3121 b),
210 3051 259 3120 qui
281 3051 321 3103 sic
338 3050 501 3104 immolare
518 3047 559 3102 De
577 3047 702 3118 ragadiis
721 3047 751 3099 in
770 3064 824 3100 ano
842 3047 1031 3101 nascentibus.

92 3127 125 3174 15
144 3122 200 3175 hoc
218 3138 255 3174 m.
274 3118 352 3189 prius
365 3126 416 3174 ret
429 3122 489 3189 (oro.
508 3117 644 3188 prius)B:
666 3117 732 3172 huic
746 3135 782 3172 m.
796 3116 883 3186 priori
899 3119 957 3172 θεῖ.
1014 3122 1046 3170 16
1056 3134 1106 3172 nos

90 3191 134 3246 uti
152 3192 249 3247 atiel:
269 3189 312 3243 uti
329 3206 380 3243 nos
399 3190 434 3246 B.
554 3206 588 3243 ex
607 3188 669 3243 oleo
687 3204 766 3241 roseo
784 3189 879 3243 adela
899 3188 936 3240 Et
954 3187 1047 3240 oleum
1064 3204 1107 3241 ro-

92 3280 171 3317 seum
190 3263 226 3316 B.
300 3260 368 3315 trito
388 3259 447 3315 solo
465 3262 555 3331 clem.
576 3261 657 3328 Geth:
678 3259 768 3312 solum
786 3257 886 3311 tritum
903 3259 939 3313 B.
1028 3264 1060 3313 17
1080 3262 1109 3314 et

91 3352 118 3403 p.
140 3334 213 3389 Get:
233 3334 263 3386 et
281 3347 360 3413 exp.
379 3333 427 3386 rB
445 3333 529 3400 (hamc
551 3333 639 3386 locum
664 3330 749 3383 sich:
778 3327 870 3382 oleum
892 3345 1003 3383 roseum
1021 3329 1051 3383 in
1068 3329 1108 3400 pl.

92 3403 260 3458 mortarium
273 3402 420 3456 mittlmus.
441 3403 470 3456 et
483 3419 546 3456 cum
559 3400 614 3455 tali
627 3398 748 3470 pastello
762 3415 851 3466 usque
866 3400 952 3455 adm.
967 3419 994 3470 p.
1009 3401 1108 3455 tritum

96 3474 276 3546 inungimus).
339 3472 432 3526 mellis
451 3492 500 3528 orn.
515 3474 566 3528 rB.
640 3468 767 3524 confecto
788 3470 855 3539 Get,
875 3474 939 3525 —tu
960 3490 987 3527 r:
1007 3489 1056 3528 om.
1072 3473 1108 3527 Β.

97 3551 128 3599 18
145 3563 214 3600 nam
233 3547 263 3599 et
282 3545 380 3600 odeis
401 3545 430 3597 et
446 3544 502 3599 ΨΒ.
