2392 3922
137 143 205 209 462
536 141 743 195 vmo1omu1

174 306 230 372 (25)
249 303 314 356 sunt
332 302 429 356 autem
446 301 591 356 naturales
605 300 647 355 of-
710 297 864 372 [Quoniam
876 298 1006 355 medicus
1019 300 1156 371 peritissi-

137 371 647 441 ficiocumquibusinfantesnascun-
673 387 735 425 mus
759 370 845 424 debet
868 386 938 426 esse.
958 373 989 426 et
1013 372 1081 426 dum
1106 390 1155 428 nos

137 448 191 498 tur.
216 460 314 497 sensus
341 445 449 512 gustus.
478 443 645 517 et<s>apor
673 458 731 497 non
753 457 883 497 errorem.
909 441 1081 512 egritudinis
1112 461 1157 499 ca·

139 517 205 569 sunt
229 516 259 568 et
281 513 340 569 alia
363 513 405 588 inp
432 517 533 570 motus.
561 513 646 569 intel·
673 529 739 583 pere
773 511 972 582 potuissemus.
1009 512 1156 570 festinavi·

136 584 235 640 lectus.
259 587 289 639 et
310 583 392 640 risus.
416 584 474 639 ista
497 584 593 641 omnia
616 586 646 639 et
672 601 735 638 mus
768 583 856 637 urina
891 582 1075 640 diversitates
1108 586 1157 640 ad-

137 655 233 710 anima
256 658 286 710 et
314 655 438 725 corporis
466 655 556 711 totius
580 657 647 710 sunt
672 654 854 726 prehendere.
880 656 910 709 et
934 654 1007 710 scito
1030 673 1082 711 nos
1101 657 1157 710 uri-

137 725 281 781 adiutoria
307 726 400 796 prima
427 727 551 797 corporis
580 729 646 782 sunt
672 743 740 781 nam
766 741 935 795 cognoscere
960 725 1055 783 citius.
1090 727 1157 796 quia

137 796 245 852 auxilia
284 800 313 852 et
358 797 517 871 egestiones
563 814 645 868 pren·
672 796 767 866 qualis
781 795 867 851 fuerit
880 799 992 854 ventus.
1011 797 1087 853 tales
1102 798 1156 853 sol-

137 868 166 938 (ἱ)
185 868 346 938 corr.)entia
369 868 504 937 quamdiu
528 869 645 939 spiritus
672 867 767 923 licitat
785 868 925 923 humores.
944 870 975 923 et
993 868 1068 924 tales
1086 869 1165 924 facit·

136 939 167 994 in
185 954 237 995 suo
255 943 336 1010 reget
354 957 386 995 co
422 956 477 996 ore.
672 937 856 1009 egritudines.
876 955 944 1009 ergo
962 939 1090 995 breviter
1108 956 1154 994 ex-

173 1010 290 1082 [Inoipit
308 958 429 1082 epistorii
446 1011 590 1092 ypocratis
609 1012 644 1066 de
671 1010 802 1080 ponimus
817 1012 947 1080 tempora
960 1025 1060 1065 eorum
1070 1014 1155 1080 atque

136 1084 235 1151 pectus
264 1084 359 1138 autem
386 1082 506 1137 nimmm
529 1099 644 1153 pregra-
672 1079 881 1135 dominationes
908 1080 1058 1139 maximas.
1092 1099 1155 1136 san-

136 1155 236 1208 vatum
250 1197 256 1209 .
272 1197 278 1209 .
295 1198 301 1210 .
671 1151 736 1222 guis
755 1150 918 1206 dominatur
935 1168 1063 1208 vernum.
1082 1153 1155 1208 cole·

670 1222 746 1278 ricus
760 1225 860 1278 estete.
879 1222 1085 1278 melancolicus
1104 1242 1152 1279 an·

670 1295 808 1348 tumnum.
827 1292 931 1363 flegma
948 1293 1060 1364 hyeme.
1083 1295 1154 1351 scito

670 1363 789 1420 urinam
805 1363 1154 1436 colementumsanguinis

670 1451 740 1492 esse.
771 1434 914 1490 ceddum
941 1436 1054 1492 venerit
1082 1437 1154 1508 egri-

669 1507 740 1562 tudo
754 1522 816 1576 quae
830 1522 865 1561 ex
880 1505 939 1560 alia
951 1507 1075 1562 materia
1089 1525 1152 1578 pro·

670 1577 754 1660 ceslii.
769 1594 834 1632 cum
842 1575 895 1631 illa
906 1576 1078 1660 conlimitat.
1090 1597 1154 1634 san-

668 1666 744 1776 illl
770 1648 1076 1801 {iidriiiif'dr‘ioiiiii
1095 1669 1153 1776 iii]

669 1789 1153 1862 lanoolicusmgramflegmaalba

669 1864 755 1930 atque
774 1861 955 1932 pinguem.]‘)

668 1931 828 2002 Explicit
856 1930 1011 2002 epistole
1037 1933 1152 1988 vindi·

670 2003 771 2060 ciani.
787 2021 845 2059 seu
859 2003 1036 2072 expositio
1050 2022 1151 2061 mem·

836 2075 981 2130 brorum.

705 2145 822 2218 [Incipit
833 2144 956 2216 epistola
974 2148 1149 2217 yppogretis.

670 2217 704 2272 de
723 2216 927 2272 fleubothomia
938 2261 944 2273 .
956 2261 961 2272 .
974 2263 980 2273 .

347 2356 428 2427 uc)
652 2325 656 2430 l
845 2358 963 2428 mm)

132 2466 346 2477 ----—..——

202 2532 225 2601 ⁸)
248 2533 338 2588 eodem
355 2533 404 2588 hoc
423 2535 479 2589 loco
497 2535 594 2590 addito
613 2533 754 2600 Quoniam
771 2533 897 2590 medicus
912 2579 919 2591 .
933 2578 939 2591 .
953 2537 1070 2604 finitur
1091 2541 1148 2594 cod.

131 2602 228 2672 Aayel.
245 2602 275 2657 V.
286 2607 342 2658 3.9
361 2605 410 2674 qai
427 2606 542 2673 incenia·
559 2606 651 2662 hoba:
674 2623 793 2675 quorum
809 2606 976 2676 passionum
994 2625 1076 2663 curas
1091 2609 1147 2663 sin-

131 2671 255 2742 gillatim
273 2689 420 2743 exponam.
446 2674 481 2743 of.
501 2675 547 2731 Pe.
568 2675 626 2733 Sor.
646 2681 721 2734 o.17
738 2695 824 2748 supro
841 2680 885 2734 cit.
903 2695 936 2748 p.
952 2683 1015 2735 446.
