2392 3922
126 197 192 264 458
242 251 255 272 ,
527 196 732 250 vmnrcnur

163 361 290 428 (affl-cur
309 371 376 425 ergo
395 353 490 408 infans
508 370 566 408 non
584 354 634 408 lo·
697 354 755 422 (22)
780 371 845 408 cum
871 369 939 423 ergo
968 352 1064 408 infans
1090 370 1147 407 non

128 428 245 497 quitur
273 427 324 481 sed
356 425 448 494 magis
480 424 633 480 balbitant.
661 424 789 493 loquitur
807 425 858 479 sed
870 427 1000 494 vagetur.
1021 425 1072 479 sod
1085 424 1147 478 bal-

128 501 205 553 certa
223 496 298 552 ratio
317 499 361 551 est
377 495 446 565 quia
461 496 559 550 dentes
578 512 636 550 non
661 495 746 551 bitat.
780 495 863 551 Certa
894 494 1010 550 racione
1039 495 1147 550 docebo

126 569 235 623 habent
248 567 401 637 musigant.
423 567 521 621 dentes
539 568 636 621 autom
663 565 731 635 quia
751 565 844 621 dentis
862 583 921 621 non
938 565 1030 621 habit.
1052 566 1146 620 dentis

126 639 217 694 nostri
244 641 276 693 ut
310 637 411 708 organi
439 641 512 692 sunt.
546 654 635 707 genus
663 639 760 692 autem
795 637 886 692 nostri
921 637 1023 707 organi
1054 654 1147 706 gonus

127 710 230 778 quibus
240 708 413 764 modolatrix
422 711 466 763 est
480 708 579 778 lingua
592 707 635 762 in-
663 710 729 762 sunt
747 709 832 777 quod.
856 724 928 763 omo.
954 707 1081 762 delatrix
1104 711 1147 763 est

126 780 214 836 fantis
240 798 326 849 quam
358 779 407 833 diu
435 779 505 834 duos
536 778 635 833 dentes
662 777 769 849 lingua.
793 780 890 834 Infans
915 779 991 833 enim
1009 779 1147 846 quamdiu

126 869 184 906 non
201 852 310 906 habent
323 853 463 921 vagentur
480 849 634 905 balbitant.
663 850 762 905 dentes
778 866 836 904 non
853 849 943 904 habet
955 853 1082 920 vegetat.
1102 850 1147 904 Ad

127 923 165 977 ad
183 922 234 976 ubi
254 923 323 976 duos
341 921 388 977 vel
410 921 533 976 tresve]
552 923 634 989 quat-
661 920 732 974 hubi
752 921 822 975 duos
840 920 888 975 vel
904 923 1028 989 quatuor
1047 921 1146 976 dentes

126 996 192 1049 tuor
209 993 318 1049 habent
340 993 482 1047 musicant
500 993 529 1046 et
548 992 634 1046 adeos
661 991 796 1046 habuerit
822 991 950 1046 musitat.
978 990 1054 1046 adue
1081 1008 1147 1046 oon·

126 1064 266 1121 locuntur.
661 1061 786 1132 pleverit
804 1065 928 1117 rustrurn
946 1062 1041 1131 loquit
1077 1106 1083 1118 .

162 1281 218 1345 (23)
238 1277 357 1331 dentes
372 1277 468 1329 autem
481 1274 571 1330 nostri
585 1273 635 1344 qui
697 1276 753 1344 (23)
762 1275 868 1330 Dentes
881 1277 978 1329 autom
990 1274 1083 1329 nostri
1098 1274 1147 1343 qui

127 1347 303 1401 sicuidentur
312 1345 429 1401 cometis
440 1345 489 1415 qui
499 1345 560 1400 dati
569 1349 635 1401 sunt
660 1344 692 1400 in
709 1345 801 1415 primo
818 1345 883 1400 oris.
902 1344 994 1400 nostri
1013 1348 1081 1401 sunt
1097 1363 1146 1400 vo

126 1416 208 1471 nobis
234 1418 272 1470 ad
290 1415 494 1486 procidendum
518 1416 634 1471 elimen-
661 1433 758 1471 camus
772 1415 876 1471 thobia.
897 1415 960 1471 dati
976 1418 1044 1470 sunt
1061 1416 1145 1471 nobis

125 1489 194 1541 tum«
221 1485 272 1540 alii
299 1489 438 1540 vocantur
466 1486 635 1555 quinodenti
661 1488 699 1542 ad
726 1487 891 1543 cedendum.
919 1487 979 1541 Alii
1007 1503 1076 1542 vero
1104 1487 1146 1541 di·-

126 1556 215 1610 latine
235 1555 330 1610 canini
350 1555 490 1612 dicuntur.
515 1557 566 1611 alii
585 1559 633 1614 ds·
660 1560 764 1613 cuntur
772 1558 938 1613 oinodontes
950 1574 1022 1627 quos
1036 1558 1145 1613 latinis.

127 1626 265 1682 dicuntur.
281 1628 332 1683 sed
346 1627 445 1682 dentes
459 1627 549 1682 nostri
564 1628 634 1697 quid
661 1629 780 1684 caninus
790 1629 926 1684 dicamus.
942 1628 1004 1683 dati
1019 1632 1087 1684 sunt
1096 1647 1146 1684 no-

127 1715 187 1754 esse
205 1697 313 1768 potatis
337 1715 402 1753 ossa
426 1698 546 1754 dicentis
566 1715 633 1770 ergo
660 1699 705 1754 bis
723 1701 762 1754 ad
779 1700 975 1770 frangendum.
997 1699 1058 1754 Alii
1078 1717 1144 1755 vero

127 1787 156 1825 se
175 1787 240 1824 ossa
263 1772 329 1825 sunt
353 1769 451 1825 dentes
470 1770 561 1824 nostri
584 1787 634 1825 cur
661 1770 802 1826 asmalitis
816 1774 954 1825 vocantur
968 1787 1039 1840 quos
1058 1768 1144 1827 latini

125 1858 191 1911 ergo
207 1857 303 1896 omnes
317 1843 398 1911 (offis)
414 1858 478 1896 ossa
491 1859 556 1896 rara
569 1859 633 1896 san·
659 1841 776 1896 molaris
793 1842 979 1912 appellamus.
1000 1841 1145 1897 occisura

123 1912 550 2039 {littteffttltllllt
565 1929 633 2038 ⁰252
660 1912 1144 2054 ἓὲξέῗέοὲἕὲῗὶἳὲᾱὲἓὲεἷὲἲὲ

124 2071 191 2124 ergo
206 2071 302 2109 omnes
313 2071 377 2109 ossa
385 2053 512 2110 medulla
524 2055 633 2110 habent
660 2057 707 2110 tur
726 2071 797 2110 ossa.
818 2054 842 2108 si
861 2072 926 2109 ossa
948 2054 973 2108 si
993 2071 1058 2110 ossa
1078 2057 1145 2109 sunt

124 2125 246 2199 <dentes
282 2143 349 2181 vero
381 2125 508 2182 medulla
541 2127 631 2196 suppl.
661 2126 759 2181 dentes
782 2125 880 2181 nostri.
908 2125 963 2181 Gur
989 2142 1057 2196 ergo
1086 2143 1145 2180 om-

124 2196 301 2322 rutila
314 2196 632 2323 *statuuat
660 2195 1145 2336 ltlnatttatzttttr

123 2337 218 2392 locum
230 2341 406 2394 revocantur.
422 2340 521 2394 dentes
537 2342 632 2393 autem
659 2341 703 2393 tes
722 2338 814 2393 nostri
832 2355 882 2393 cur
896 2338 991 2393 omnia
1005 2355 1071 2393 ossa
1086 2356 1144 2394 me-

123 2408 213 2463 nostn‘
236 2408 343 2463 sublati
371 2411 410 2463 ad
436 2410 531 2464 locum
552 2426 632 2464 revo-
660 2409 740 2464 dulla
753 2410 868 2465 habent.
883 2410 942 2464 Aut
956 2410 981 2463 si
996 2426 1061 2464 ossa
1077 2413 1145 2465 sunt

123 2495 188 2533 care
206 2495 264 2533 non
281 2481 434 2548 possunt‘)
660 2481 759 2536 dentes
779 2480 874 2535 omnia
887 2497 952 2535 ossa
966 2480 1058 2535 fracta
1077 2498 1144 2536 con·

659 2551 807 2607 firmentur
830 2554 859 2607 et
882 2554 1017 2606 curantur
1038 2551 1086 2607 vel
1113 2552 1143 2606 in

159 2618 182 2686 ‘)
208 2620 242 2685 cs.
261 2620 319 2676 cod,
339 2620 366 2675 S.
383 2619 457 2677 Gall.
472 2625 507 2676 44
521 2639 552 2692 p.
566 2625 630 2679 204.
658 2623 824 2693 h(lcorr.)oo
834 2640 900 2677 cum
912 2640 994 2676 suum
1007 2639 1143 2678 revocan—

659 2695 713 2749 tur.
739 2695 845 2749 Dentes
865 2695 961 2749 autem
979 2693 1071 2748 nostri
1090 2694 1142 2749 sub

659 2764 752 2820 latum
769 2766 807 2820 ad
820 2765 913 2820 locum
932 2780 1066 2821 revocare
1084 2781 1143 2820 non

659 2837 786 2906 possunt.
