<?xml version="1.0" encoding="UTF-8"?>
<!DOCTYPE html PUBLIC "-//W3C//DTD XHTML 1.0 Transitional//EN"
    "http://www.w3.org/TR/xhtml1/DTD/xhtml1-transitional.dtd">
<html xmlns="http://www.w3.org/1999/xhtml" xml:lang="en" lang="en">
 <head>
  <title>
</title>
<meta http-equiv="Content-Type" content="text/html;charset=utf-8" />
  <meta name='ocr-system' content='tesseract 3.04.00' />
  <meta name='ocr-capabilities' content='ocr_page ocr_carea ocr_par ocr_line ocrx_word'/>
</head>
<body>
  <div class='ocr_page' id='page_1' title='image "./euporistonlibri00rosegoog_0478.png"; bbox 0 0 2392 3922; ppageno 0'>
   <div class='ocr_carea' id='block_1_1' title="bbox 494 110 1086 175">
    <p class='ocr_par' dir='ltr' id='par_1_1' title="bbox 494 110 1086 175">
     <span class='ocr_line' id='line_1_1' title="bbox 494 110 1086 175; baseline -0.003 -13"><span class='ocrx_word' id='word_1_1' title='bbox 494 111 683 164; x_wconf 75' lang='lat' dir='ltr'>omnnem.</span> <span class='ocrx_word' id='word_1_2' title='bbox 1019 110 1086 175; x_wconf 79' lang='lat'>445</span> 
     </span>
    </p>
   </div>
   <div class='ocr_carea' id='block_1_2' title="bbox 56 266 1089 1895">
    <p class='ocr_par' dir='ltr' id='par_1_2' title="bbox 56 266 1089 1813">
     <span class='ocr_line' id='line_1_2' title="bbox 91 266 1085 338; baseline 0 -16"><span class='ocrx_word' id='word_1_3' title='bbox 91 271 151 338; x_wconf 87' lang='grc'>(16)</span> <span class='ocrx_word' id='word_1_4' title='bbox 178 269 230 322; x_wconf 88' lang='lat' dir='ltr'>sed</span> <span class='ocrx_word' id='word_1_5' title='bbox 253 266 403 322; x_wconf 62' lang='lat' dir='ltr'>similiter?</span> <span class='ocrx_word' id='word_1_6' title='bbox 450 270 505 338; x_wconf 75' lang='lat'>(16)</span> <span class='ocrx_word' id='word_1_7' title='bbox 515 267 647 322; x_wconf 89' lang='lat' dir='ltr'>similiter</span> <span class='ocrx_word' id='word_1_8' title='bbox 658 272 688 322; x_wconf 89' lang='lat' dir='ltr'>et</span> <span class='ocrx_word' id='word_1_9' title='bbox 696 267 752 322; x_wconf 82' lang='lat' dir='ltr'>fe-¹</span> <span class='ocrx_word' id='word_1_10' title='bbox 800 271 855 337; x_wconf 87' lang='grc'>(16)</span> <span class='ocrx_word' id='word_1_11' title='bbox 881 268 993 322; x_wconf 83' lang='lat' dir='ltr'>feminis</span> <span class='ocrx_word' id='word_1_12' title='bbox 1018 287 1085 336; x_wconf 91' lang='lat' dir='ltr'>quo·</span> 
     </span>
     <span class='ocr_line' id='line_1_3' title="bbox 56 337 1086 407; baseline 0.001 -14"><span class='ocrx_word' id='word_1_13' title='bbox 56 342 87 394; x_wconf 87' lang='lat' dir='ltr'>et</span> <span class='ocrx_word' id='word_1_14' title='bbox 102 337 213 393; x_wconf 87' lang='lat' dir='ltr'>femine</span> <span class='ocrx_word' id='word_1_15' title='bbox 225 338 386 393; x_wconf 82' lang='lat' dir='ltr'>testiculus.</span> <span class='ocrx_word' id='word_1_16' title='bbox 414 337 490 392; x_wconf 90' lang='lat' dir='ltr'>mine</span> <span class='ocrx_word' id='word_1_17' title='bbox 509 337 644 393; x_wconf 77' lang='lat' dir='ltr'>testinula</span> <span class='ocrx_word' id='word_1_18' title='bbox 664 338 737 392; x_wconf 88' lang='lat' dir='ltr'>sicut</span> <span class='ocrx_word' id='word_1_19' title='bbox 764 355 819 407; x_wconf 90' lang='lat' dir='ltr'>que</span> <span class='ocrx_word' id='word_1_20' title='bbox 837 339 978 393; x_wconf 87' lang='lat' dir='ltr'>testiculis</span> <span class='ocrx_word' id='word_1_21' title='bbox 995 339 1086 394; x_wconf 87' lang='lat' dir='ltr'>inesse</span> 
     </span>
     <span class='ocr_line' id='line_1_4' title="bbox 57 409 1086 465; baseline 0 -1"><span class='ocrx_word' id='word_1_22' title='bbox 57 409 135 464; x_wconf 87' lang='lat' dir='ltr'>sicut</span> <span class='ocrx_word' id='word_1_23' title='bbox 153 412 184 464; x_wconf 87' lang='lat' dir='ltr'>et</span> <span class='ocrx_word' id='word_1_24' title='bbox 202 409 258 464; x_wconf 91' lang='lat' dir='ltr'>viri</span> <span class='ocrx_word' id='word_1_25' title='bbox 277 409 388 464; x_wconf 90' lang='lat' dir='ltr'>habent</span> <span class='ocrx_word' id='word_1_26' title='bbox 415 411 444 463; x_wconf 90' lang='lat' dir='ltr'>et</span> <span class='ocrx_word' id='word_1_27' title='bbox 462 409 517 464; x_wconf 90' lang='lat' dir='ltr'>viri</span> <span class='ocrx_word' id='word_1_28' title='bbox 535 409 643 464; x_wconf 90' lang='lat' dir='ltr'>habent</span> <span class='ocrx_word' id='word_1_29' title='bbox 659 409 736 464; x_wconf 90' lang='lat' dir='ltr'>deni·</span> <span class='ocrx_word' id='word_1_30' title='bbox 764 409 947 464; x_wconf 85' lang='lat' dir='ltr'>manifestum</span> <span class='ocrx_word' id='word_1_31' title='bbox 965 413 1016 465; x_wconf 90' lang='lat' dir='ltr'>est.</span> <span class='ocrx_word' id='word_1_32' title='bbox 1037 411 1086 465; x_wconf 89' lang='lat' dir='ltr'>sed</span> 
     </span>
     <span class='ocr_line' id='line_1_5' title="bbox 58 479 1088 562; baseline 0 -27"><span class='ocrx_word' id='word_1_33' title='bbox 58 480 185 549; x_wconf 86' lang='lat' dir='ltr'>deniqne</span> <span class='ocrx_word' id='word_1_34' title='bbox 194 483 320 550; x_wconf 85' lang='lat' dir='ltr'>patrant.</span> <span class='ocrx_word' id='word_1_35' title='bbox 331 480 388 534; x_wconf 82' lang='lat' dir='ltr'>Sed</span> <span class='ocrx_word' id='word_1_36' title='bbox 415 497 470 562; x_wconf 63' lang='lat' dir='ltr'>que</span> <span class='ocrx_word' id='word_1_37' title='bbox 484 483 602 550; x_wconf 86' lang='lat' dir='ltr'>patrant</span> <span class='ocrx_word' id='word_1_38' title='bbox 616 481 667 535; x_wconf 90' lang='lat' dir='ltr'>sed</span> <span class='ocrx_word' id='word_1_39' title='bbox 680 497 751 534; x_wconf 84' lang='lat' dir='ltr'>nou¹</span> <span class='ocrx_word' id='word_1_40' title='bbox 766 479 823 534; x_wconf 90' lang='lat' dir='ltr'>alio</span> <span class='ocrx_word' id='word_1_41' title='bbox 834 483 956 535; x_wconf 77' lang='lat' dir='ltr'>scemate</span> <span class='ocrx_word' id='word_1_42' title='bbox 973 481 1088 535; x_wconf 87' lang='lat' dir='ltr'>formati</span> 
     </span>
     <span class='ocr_line' id='line_1_6' title="bbox 57 530 1087 621; baseline 0.001 -16"><span class='ocrx_word' id='word_1_43' title='bbox 57 568 116 606; x_wconf 88' lang='lat' dir='ltr'>non</span> <span class='ocrx_word' id='word_1_44' title='bbox 133 551 223 606; x_wconf 86' lang='lat' dir='ltr'>huius</span> <span class='ocrx_word' id='word_1_45' title='bbox 246 566 387 621; x_wconf 85' lang='lat' dir='ltr'>conpunc-</span> <span class='ocrx_word' id='word_1_46' title='bbox 413 550 499 605; x_wconf 83' lang='lat' dir='ltr'>huuus</span> <span class='ocrx_word' id='word_1_47' title='bbox 530 530 831 621; x_wconf 65' lang='lat' dir='ltr'>conposicionisisunt</span> <span class='ocrx_word' id='word_1_48' title='bbox 858 554 891 616; x_wconf 85' lang='lat' dir='ltr'>ut</span> <span class='ocrx_word' id='word_1_49' title='bbox 918 551 994 608; x_wconf 89' lang='lat' dir='ltr'>viris.</span> <span class='ocrx_word' id='word_1_50' title='bbox 1027 571 1087 606; x_wconf 92' lang='lat' dir='ltr'>mu-</span> 
     </span>
     <span class='ocr_line' id='line_1_7' title="bbox 58 621 1087 678; baseline -0.001 -1"><span class='ocrx_word' id='word_1_51' title='bbox 58 622 161 678; x_wconf 87' lang='lat' dir='ltr'>cionis.</span> <span class='ocrx_word' id='word_1_52' title='bbox 183 622 295 677; x_wconf 85' lang='lat' dir='ltr'>hubent</span> <span class='ocrx_word' id='word_1_53' title='bbox 313 621 388 676; x_wconf 89' lang='lat' dir='ltr'>siout</span> <span class='ocrx_word' id='word_1_54' title='bbox 414 621 523 677; x_wconf 89' lang='lat' dir='ltr'>habent</span> <span class='ocrx_word' id='word_1_55' title='bbox 555 623 595 677; x_wconf 90' lang='lat' dir='ltr'>sic</span> <span class='ocrx_word' id='word_1_56' title='bbox 628 625 657 677; x_wconf 87' lang='lat' dir='ltr'>et</span> <span class='ocrx_word' id='word_1_57' title='bbox 682 622 737 676; x_wconf 88' lang='lat' dir='ltr'>viri</span> <span class='ocrx_word' id='word_1_58' title='bbox 764 622 866 676; x_wconf 90' lang='lat' dir='ltr'>lierum</span> <span class='ocrx_word' id='word_1_59' title='bbox 879 638 946 677; x_wconf 90' lang='lat' dir='ltr'>vero</span> <span class='ocrx_word' id='word_1_60' title='bbox 960 623 1087 678; x_wconf 88' lang='lat' dir='ltr'>testiculi</span> 
     </span>
     <span class='ocr_line' id='line_1_8' title="bbox 59 691 1088 764; baseline -0.002 -15"><span class='ocrx_word' id='word_1_61' title='bbox 59 697 89 749; x_wconf 88' lang='lat' dir='ltr'>et</span> <span class='ocrx_word' id='word_1_62' title='bbox 110 692 170 749; x_wconf 90' lang='lat' dir='ltr'>viri</span> <span class='ocrx_word' id='word_1_63' title='bbox 193 692 245 748; x_wconf 88' lang='lat' dir='ltr'>sed</span> <span class='ocrx_word' id='word_1_64' title='bbox 268 691 387 747; x_wconf 88' lang='lat' dir='ltr'>minoris</span> <span class='ocrx_word' id='word_1_65' title='bbox 416 693 466 748; x_wconf 87' lang='lat' dir='ltr'>sed</span> <span class='ocrx_word' id='word_1_66' title='bbox 483 693 600 748; x_wconf 90' lang='lat' dir='ltr'>minoris</span> <span class='ocrx_word' id='word_1_67' title='bbox 620 695 649 748; x_wconf 87' lang='lat' dir='ltr'>et</span> <span class='ocrx_word' id='word_1_68' title='bbox 667 693 737 749; x_wconf 92' lang='lat' dir='ltr'>mol·</span> <span class='ocrx_word' id='word_1_69' title='bbox 765 693 907 748; x_wconf 85' lang='lat' dir='ltr'>breviores</span> <span class='ocrx_word' id='word_1_70' title='bbox 940 696 969 748; x_wconf 89' lang='lat' dir='ltr'>et</span> <span class='ocrx_word' id='word_1_71' title='bbox 1001 694 1088 764; x_wconf 83' lang='lat' dir='ltr'>fragi-</span> 
     </span>
     <span class='ocr_line' id='line_1_9' title="bbox 61 763 1087 846; baseline -0.001 -26"><span class='ocrx_word' id='word_1_72' title='bbox 61 763 388 846; x_wconf 74' lang='lat' dir='ltr'>etmolliorisadeoque</span> <span class='ocrx_word' id='word_1_73' title='bbox 415 764 503 819; x_wconf 86' lang='lat' dir='ltr'>lioris.</span> <span class='ocrx_word' id='word_1_74' title='bbox 547 764 738 846; x_wconf 84' lang='lat' dir='ltr'>masculorum</span> <span class='ocrx_word' id='word_1_75' title='bbox 764 764 849 844; x_wconf 72' lang='lat' dir='ltr'>liores</span> <span class='ocrx_word' id='word_1_76' title='bbox 868 768 941 846; x_wconf 82' lang='lat' dir='ltr'>sunt.</span> <span class='ocrx_word' id='word_1_77' title='bbox 965 781 1087 833; x_wconf 89' lang='lat' dir='ltr'>namque</span> 
     </span>
     <span class='ocr_line' id='line_1_10' title="bbox 59 833 1087 975; baseline -0.014 -14"><span class='ocrx_word' id='word_1_78' title='bbox 59 833 388 975; x_wconf 48' lang='lat' dir='ltr'>censentit</span> <span class='ocrx_word' id='word_1_79' title='bbox 415 835 736 962; x_wconf 48' lang='lat' dir='ltr'>{iiiiirfflitff</span> <span class='ocrx_word' id='word_1_80' title='bbox 764 836 1087 975; x_wconf 43' lang='lat' dir='ltr'>&amp;agitimipiiiini</span> 
     </span>
     <span class='ocr_line' id='line_1_11' title="bbox 59 954 1087 1047; baseline -0.003 -15"><span class='ocrx_word' id='word_1_81' title='bbox 59 995 148 1032; x_wconf 81' lang='lat' dir='ltr'>unam</span> <span class='ocrx_word' id='word_1_82' title='bbox 164 975 313 1032; x_wconf 75' lang='lat' dir='ltr'><strong>racionem</strong></span> <span class='ocrx_word' id='word_1_83' title='bbox 326 992 388 1031; x_wconf 81' lang='lat' dir='ltr'>esse</span> <span class='ocrx_word' id='word_1_84' title='bbox 416 979 528 1032; x_wconf 86' lang='lat' dir='ltr'>constat</span> <span class='ocrx_word' id='word_1_85' title='bbox 555 995 622 1047; x_wconf 81' lang='lat' dir='ltr'>ergo</span> <span class='ocrx_word' id='word_1_86' title='bbox 651 954 818 1032; x_wconf 67' lang='lat' dir='ltr'>unamitur.</span> <span class='ocrx_word' id='word_1_87' title='bbox 864 976 954 1046; x_wconf 84' lang='lat' dir='ltr'>igitur</span> <span class='ocrx_word' id='word_1_88' title='bbox 997 976 1087 1031; x_wconf 89' lang='lat' dir='ltr'>mani-</span> 
     </span>
     <span class='ocr_line' id='line_1_12' title="bbox 60 1028 1086 1104; baseline -0.002 -1"><span class='ocrx_word' id='word_1_89' title='bbox 60 1048 129 1103; x_wconf 88' lang='lat' dir='ltr'>viris</span> <span class='ocrx_word' id='word_1_90' title='bbox 158 1050 190 1103; x_wconf 84' lang='lat' dir='ltr'>et</span> <span class='ocrx_word' id='word_1_91' title='bbox 219 1047 388 1103; x_wconf 86' lang='lat' dir='ltr'>femiuebus.</span> <span class='ocrx_word' id='word_1_92' title='bbox 415 1049 556 1103; x_wconf 86' lang='lat' dir='ltr'>rationem</span> <span class='ocrx_word' id='word_1_93' title='bbox 570 1065 631 1103; x_wconf 89' lang='lat' dir='ltr'>esse</span> <span class='ocrx_word' id='word_1_94' title='bbox 640 1048 696 1104; x_wconf 88' lang='lat' dir='ltr'>viri</span> <span class='ocrx_word' id='word_1_95' title='bbox 708 1050 737 1102; x_wconf 88' lang='lat' dir='ltr'>et</span> <span class='ocrx_word' id='word_1_96' title='bbox 749 1028 751 1075; x_wconf 64' lang='lat'>¹</span> <span class='ocrx_word' id='word_1_97' title='bbox 764 1048 869 1102; x_wconf 88' lang='lat' dir='ltr'>festum</span> <span class='ocrx_word' id='word_1_98' title='bbox 878 1049 922 1102; x_wconf 86' lang='lat' dir='ltr'>est</span> <span class='ocrx_word' id='word_1_99' title='bbox 931 1063 1086 1102; x_wconf 86' lang='lat' dir='ltr'>unamesse</span> 
     </span>
     <span class='ocr_line' id='line_1_13' title="bbox 62 1080 1086 1194; baseline -0.003 -20"><span class='ocrx_word' id='word_1_100' title='bbox 62 1121 110 1174; x_wconf 87' lang='lat' dir='ltr'>sed</span> <span class='ocrx_word' id='word_1_101' title='bbox 140 1118 247 1174; x_wconf 88' lang='lat' dir='ltr'>mulier</span> <span class='ocrx_word' id='word_1_102' title='bbox 272 1118 388 1173; x_wconf 86' lang='lat' dir='ltr'>vulvam</span> <span class='ocrx_word' id='word_1_103' title='bbox 415 1119 571 1194; x_wconf 79' lang='lat' dir='ltr'>fe&lt;mine&gt;.</span> <span class='ocrx_word' id='word_1_104' title='bbox 749 1080 833 1193; x_wconf 61' lang='lat' dir='ltr'>iviris</span> <span class='ocrx_word' id='word_1_105' title='bbox 860 1135 893 1172; x_wconf 87' lang='lat' dir='ltr'>ac</span> <span class='ocrx_word' id='word_1_106' title='bbox 919 1118 1086 1173; x_wconf 88' lang='lat' dir='ltr'>mulieribus</span> 
     </span>
     <span class='ocr_line' id='line_1_14' title="bbox 61 1189 1088 1246; baseline -0.002 0"><span class='ocrx_word' id='word_1_107' title='bbox 61 1191 159 1246; x_wconf 81' lang='lat' dir='ltr'>habet.</span> <span class='ocrx_word' id='word_1_108' title='bbox 175 1192 290 1245; x_wconf 86' lang='lat' dir='ltr'>namet</span> <span class='ocrx_word' id='word_1_109' title='bbox 307 1189 389 1244; x_wconf 86' lang='lat' dir='ltr'>testi·</span> <span class='ocrx_word' id='word_1_110' title='bbox 750 1190 939 1244; x_wconf 75' lang='lat' dir='ltr'>¹intemorum</span> <span class='ocrx_word' id='word_1_111' title='bbox 978 1190 1088 1244; x_wconf 84' lang='lat' dir='ltr'>viscera</span> 
     </span>
     <span class='ocr_line' id='line_1_15' title="bbox 61 1240 1088 1349; baseline -0.002 -33"><span class='ocrx_word' id='word_1_112' title='bbox 61 1261 117 1316; x_wconf 84' lang='lat' dir='ltr'>culi</span> <span class='ocrx_word' id='word_1_113' title='bbox 135 1260 238 1317; x_wconf 85' lang='lat' dir='ltr'>nostri.</span> <span class='ocrx_word' id='word_1_114' title='bbox 263 1259 295 1314; x_wconf 89' lang='lat' dir='ltr'>hi</span> <span class='ocrx_word' id='word_1_115' title='bbox 313 1259 388 1315; x_wconf 92' lang='lat' dir='ltr'>tuui-</span> <span class='ocrx_word' id='word_1_116' title='bbox 750 1240 967 1349; x_wconf 62' lang='lat' dir='ltr'>{compaginata</span> <span class='ocrx_word' id='word_1_117' title='bbox 1004 1261 1088 1314; x_wconf 88' lang='lat' dir='ltr'>linia-</span> 
     </span>
     <span class='ocr_line' id='line_1_16' title="bbox 61 1332 1088 1400; baseline -0.002 -13"><span class='ocrx_word' id='word_1_118' title='bbox 61 1350 108 1387; x_wconf 86' lang='lat' dir='ltr'>cus</span> <span class='ocrx_word' id='word_1_119' title='bbox 126 1332 240 1387; x_wconf 82' lang='lat' dir='ltr'>hubent</span> <span class='ocrx_word' id='word_1_120' title='bbox 264 1334 389 1400; x_wconf 90' lang='lat' dir='ltr'>quatuor</span> <span class='ocrx_word' id='word_1_121' title='bbox 751 1334 870 1397; x_wconf 61' lang='lat' dir='ltr'>[menta.</span> <span class='ocrx_word' id='word_1_122' title='bbox 913 1332 964 1386; x_wconf 88' lang='lat' dir='ltr'>sed</span> <span class='ocrx_word' id='word_1_123' title='bbox 1000 1332 1088 1386; x_wconf 86' lang='lat' dir='ltr'>multe</span> 
     </span>
     <span class='ocr_line' id='line_1_17' title="bbox 62 1402 1088 1529; baseline 0 -73"><span class='ocrx_word' id='word_1_124' title='bbox 62 1404 156 1528; x_wconf 46' lang='grc' dir='ltr'>ῥήξω</span> <span class='ocrx_word' id='word_1_125' title='bbox 180 1405 387 1528; x_wconf 53' lang='lat' dir='ltr'>qffievocatnr.</span> <span class='ocrx_word' id='word_1_126' title='bbox 767 1406 833 1485; x_wconf 80' lang='lat' dir='ltr'>sunt</span> <span class='ocrx_word' id='word_1_127' title='bbox 842 1402 937 1476; x_wconf 69' lang='lat' dir='ltr'>tonice</span> <span class='ocrx_word' id='word_1_128' title='bbox 944 1403 1088 1529; x_wconf 52' lang='grc' dir='ltr'>ῥθεὺίὲυῇε</span> 
     </span>
     <span class='ocr_line' id='line_1_18' title="bbox 63 1489 1089 1543; baseline 0.001 -15"><span class='ocrx_word' id='word_1_129' title='bbox 63 1492 87 1528; x_wconf 93' lang='lat' dir='ltr'>s1</span> <span class='ocrx_word' id='word_1_130' title='bbox 124 1491 168 1529; x_wconf 87' lang='lat' dir='ltr'>oo.</span> <span class='ocrx_word' id='word_1_131' title='bbox 263 1489 296 1527; x_wconf 88' lang='lat' dir='ltr'>ra</span> <span class='ocrx_word' id='word_1_132' title='bbox 315 1489 389 1543; x_wconf 83' lang='lat' dir='ltr'>epsr-</span> <span class='ocrx_word' id='word_1_133' title='bbox 767 1491 1007 1543; x_wconf 85' lang='lat' dir='ltr'>v1rorum.pr1ma.</span> <span class='ocrx_word' id='word_1_134' title='bbox 1028 1491 1089 1543; x_wconf 86' lang='lat' dir='ltr'>roy·</span> 
     </span>
     <span class='ocr_line' id='line_1_19' title="bbox 62 1544 1089 1614; baseline -0.001 -14"><span class='ocrx_word' id='word_1_135' title='bbox 62 1549 112 1600; x_wconf 85' lang='lat' dir='ltr'>tro.</span> <span class='ocrx_word' id='word_1_136' title='bbox 141 1544 246 1600; x_wconf 78' lang='lat' dir='ltr'><strong>Tereia</strong></span> <span class='ocrx_word' id='word_1_137' title='bbox 277 1547 389 1614; x_wconf 90' lang='lat' dir='ltr'>pereto·</span> <span class='ocrx_word' id='word_1_138' title='bbox 768 1547 825 1599; x_wconf 89' lang='lat' dir='ltr'>des.</span> <span class='ocrx_word' id='word_1_139' title='bbox 860 1546 990 1599; x_wconf 90' lang='lat' dir='ltr'>secunda.</span> <span class='ocrx_word' id='word_1_140' title='bbox 1025 1561 1089 1614; x_wconf 89' lang='lat' dir='ltr'>pro·</span> 
     </span>
     <span class='ocr_line' id='line_1_20' title="bbox 63 1615 1089 1685; baseline -0.003 -15"><span class='ocrx_word' id='word_1_141' title='bbox 63 1616 137 1670; x_wconf 84' lang='lat' dir='ltr'>uion.</span> <span class='ocrx_word' id='word_1_142' title='bbox 154 1615 266 1681; x_wconf 76' lang='lat' dir='ltr'>Quarta</span> <span class='ocrx_word' id='word_1_143' title='bbox 280 1618 331 1670; x_wconf 92' lang='lat' dir='ltr'>est.</span> <span class='ocrx_word' id='word_1_144' title='bbox 346 1617 389 1669; x_wconf 88' lang='lat' dir='ltr'>te·</span> <span class='ocrx_word' id='word_1_145' title='bbox 767 1617 901 1685; x_wconf 80' lang='lat' dir='ltr'>guoydes.</span> <span class='ocrx_word' id='word_1_146' title='bbox 913 1616 1089 1684; x_wconf 84' lang='lat' dir='ltr'>tertiaperi-</span> 
     </span>
     <span class='ocr_line' id='line_1_21' title="bbox 63 1685 1088 1755; baseline -0.003 -14"><span class='ocrx_word' id='word_1_147' title='bbox 63 1685 201 1741; x_wconf 77' lang='lat' dir='ltr'><strong>unissima</strong></span> <span class='ocrx_word' id='word_1_148' title='bbox 209 1688 390 1754; x_wconf 82' lang='lat' dir='ltr'>quevocetur</span> <span class='ocrx_word' id='word_1_149' title='bbox 767 1687 876 1755; x_wconf 87' lang='lat' dir='ltr'>toydes.</span> <span class='ocrx_word' id='word_1_150' title='bbox 902 1688 1004 1753; x_wconf 88' lang='lat' dir='ltr'>quarta</span> <span class='ocrx_word' id='word_1_151' title='bbox 1022 1701 1088 1739; x_wconf 89' lang='lat' dir='ltr'>vero</span> 
     </span>
     <span class='ocr_line' id='line_1_22' title="bbox 66 1754 1087 1813; baseline -0.002 0"><span class='ocrx_word' id='word_1_152' title='bbox 66 1759 171 1813; x_wconf 82' lang='lat' dir='ltr'>durtus</span> <span class='ocrx_word' id='word_1_153' title='bbox 767 1756 863 1810; x_wconf 85' lang='lat' dir='ltr'>tonica</span> <span class='ocrx_word' id='word_1_154' title='bbox 912 1754 1087 1811; x_wconf 89' lang='lat' dir='ltr'>tenuissima.</span> 
     </span>
    </p>

    <p class='ocr_par' dir='ltr' id='par_1_3' title="bbox 768 1825 1035 1895">
     <span class='ocr_line' id='line_1_23' title="bbox 768 1825 1035 1895; baseline 0 -15"><span class='ocrx_word' id='word_1_155' title='bbox 768 1843 847 1881; x_wconf 84' lang='lat' dir='ltr'>arcos</span> <span class='ocrx_word' id='word_1_156' title='bbox 867 1825 1035 1895; x_wconf 90' lang='lat' dir='ltr'>appellatur.</span> 
     </span>
    </p>
   </div>
   <div class='ocr_carea' id='block_1_3' title="bbox 64 1966 1094 2748">
    <p class='ocr_par' dir='ltr' id='par_1_4' title="bbox 110 1966 1090 2039">
     <span class='ocr_line' id='line_1_24' title="bbox 110 1966 1090 2039; baseline -0.002 -16"><span class='ocrx_word' id='word_1_157' title='bbox 110 1974 152 2039; x_wconf 78' lang='lat'>17)</span> <span class='ocrx_word' id='word_1_158' title='bbox 188 1967 330 2023; x_wconf 73' lang='lat' dir='ltr'>Similiter</span> <span class='ocrx_word' id='word_1_159' title='bbox 361 1971 392 2022; x_wconf 88' lang='lat' dir='ltr'>et</span> <span class='ocrx_word' id='word_1_160' title='bbox 453 1971 509 2038; x_wconf 78' lang='lat'>(17)</span> <span class='ocrx_word' id='word_1_161' title='bbox 542 1969 593 2023; x_wconf 87' lang='lat' dir='ltr'>sed</span> <span class='ocrx_word' id='word_1_162' title='bbox 624 1968 655 2022; x_wconf 91' lang='lat' dir='ltr'>in</span> <span class='ocrx_word' id='word_1_163' title='bbox 685 1969 739 2022; x_wconf 91' lang='lat' dir='ltr'>hoc</span> <span class='ocrx_word' id='word_1_164' title='bbox 804 1971 858 2038; x_wconf 81' lang='lat'><strong>(17)</strong></span> <span class='ocrx_word' id='word_1_165' title='bbox 895 1966 1027 2021; x_wconf 88' lang='lat' dir='ltr'>similiter</span> <span class='ocrx_word' id='word_1_166' title='bbox 1061 1969 1090 2021; x_wconf 90' lang='lat' dir='ltr'>et</span> 
     </span>
    </p>

    <p class='ocr_par' dir='ltr' id='par_1_5' title="bbox 64 2038 1094 2748">
     <span class='ocr_line' id='line_1_25' title="bbox 109 2038 1089 2115; baseline -0.003 -21"><span class='ocrx_word' id='word_1_167' title='bbox 109 2039 270 2095; x_wconf 86' lang='lat' dir='ltr'>vaduabus</span> <span class='ocrx_word' id='word_1_168' title='bbox 280 2038 390 2093; x_wconf 82' lang='lat' dir='ltr'>tunicas</span> <span class='ocrx_word' id='word_1_169' title='bbox 404 2038 516 2115; x_wconf 60' lang='lat' dir='ltr'>,disat</span> <span class='ocrx_word' id='word_1_170' title='bbox 544 2039 612 2108; x_wconf 91' lang='lat' dir='ltr'>quia</span> <span class='ocrx_word' id='word_1_171' title='bbox 638 2040 740 2094; x_wconf 90' lang='lat' dir='ltr'>mulier</span> <span class='ocrx_word' id='word_1_172' title='bbox 767 2039 871 2093; x_wconf 78' lang='lat' dir='ltr'>matrix</span> <span class='ocrx_word' id='word_1_173' title='bbox 902 2038 990 2093; x_wconf 88' lang='lat' dir='ltr'>habet</span> <span class='ocrx_word' id='word_1_174' title='bbox 1024 2039 1089 2092; x_wconf 89' lang='lat' dir='ltr'>sub-</span> 
     </span>
     <span class='ocr_line' id='line_1_26' title="bbox 65 2109 1089 2179; baseline -0.005 -13"><span class='ocrx_word' id='word_1_175' title='bbox 65 2111 230 2167; x_wconf 78' lang='lat' dir='ltr'>oontenitur</span> <span class='ocrx_word' id='word_1_176' title='bbox 263 2109 391 2164; x_wconf 88' lang='lat' dir='ltr'>firmissi·</span> <span class='ocrx_word' id='word_1_177' title='bbox 418 2111 534 2165; x_wconf 92' lang='lat' dir='ltr'>vulvam</span> <span class='ocrx_word' id='word_1_178' title='bbox 551 2111 647 2166; x_wconf 87' lang='lat' dir='ltr'>habet.</span> <span class='ocrx_word' id='word_1_179' title='bbox 667 2127 740 2179; x_wconf 90' lang='lat' dir='ltr'>quae</span> <span class='ocrx_word' id='word_1_180' title='bbox 768 2110 843 2165; x_wconf 86' lang='lat' dir='ltr'>iectu</span> <span class='ocrx_word' id='word_1_181' title='bbox 852 2110 978 2164; x_wconf 88' lang='lat' dir='ltr'>membra</span> <span class='ocrx_word' id='word_1_182' title='bbox 986 2109 1089 2177; x_wconf 85' lang='lat' dir='ltr'>quibus</span> 
     </span>
     <span class='ocr_line' id='line_1_27' title="bbox 64 2180 1090 2249; baseline -0.003 -12"><span class='ocrx_word' id='word_1_183' title='bbox 64 2182 114 2237; x_wconf 82' lang='lat' dir='ltr'>mis</span> <span class='ocrx_word' id='word_1_184' title='bbox 128 2181 391 2237; x_wconf 85' lang='lat' dir='ltr'>sicutaitaccius</span> <span class='ocrx_word' id='word_1_185' title='bbox 419 2181 505 2236; x_wconf 86' lang='lat' dir='ltr'>vulva</span> <span class='ocrx_word' id='word_1_186' title='bbox 532 2181 602 2236; x_wconf 87' lang='lat' dir='ltr'>duas</span> <span class='ocrx_word' id='word_1_187' title='bbox 630 2182 740 2236; x_wconf 81' lang='lat' dir='ltr'>tonicae</span> <span class='ocrx_word' id='word_1_188' title='bbox 768 2181 901 2236; x_wconf 85' lang='lat' dir='ltr'>continet.</span> <span class='ocrx_word' id='word_1_189' title='bbox 931 2180 1007 2248; x_wconf 85' lang='lat' dir='ltr'>quod</span> <span class='ocrx_word' id='word_1_190' title='bbox 1027 2197 1090 2249; x_wconf 83' lang='lat' dir='ltr'>gre-</span> 
     </span>
     <span class='ocr_line' id='line_1_28' title="bbox 65 2251 1089 2321; baseline -0.002 -15"><span class='ocrx_word' id='word_1_191' title='bbox 65 2253 188 2308; x_wconf 89' lang='lat' dir='ltr'>iustus.</span> <span class='ocrx_word' id='word_1_192' title='bbox 205 2251 295 2307; x_wconf 85' lang='lat' dir='ltr'>vulva</span> <span class='ocrx_word' id='word_1_193' title='bbox 308 2254 392 2306; x_wconf 88' lang='lat' dir='ltr'>uatu-</span> <span class='ocrx_word' id='word_1_194' title='bbox 418 2251 546 2307; x_wconf 86' lang='lat' dir='ltr'>vestitur.</span> <span class='ocrx_word' id='word_1_195' title='bbox 559 2255 740 2307; x_wconf 86' lang='lat' dir='ltr'>unanatura-</span> <span class='ocrx_word' id='word_1_196' title='bbox 769 2253 795 2307; x_wconf 93' lang='lat' dir='ltr'>ci</span> <span class='ocrx_word' id='word_1_197' title='bbox 818 2268 959 2321; x_wconf 84' lang='lat' dir='ltr'>cynoceon</span> <span class='ocrx_word' id='word_1_198' title='bbox 977 2254 1089 2305; x_wconf 87' lang='lat' dir='ltr'>vocant.</span> 
     </span>
     <span class='ocr_line' id='line_1_29' title="bbox 65 2322 1090 2379; baseline -0.003 0"><span class='ocrx_word' id='word_1_199' title='bbox 65 2322 276 2379; x_wconf 73' lang='lat' dir='ltr'>salites-mollis</span> <span class='ocrx_word' id='word_1_200' title='bbox 291 2325 392 2378; x_wconf 86' lang='lat' dir='ltr'>estex·</span> <span class='ocrx_word' id='word_1_201' title='bbox 418 2322 485 2377; x_wconf 90' lang='lat' dir='ltr'>liter</span> <span class='ocrx_word' id='word_1_202' title='bbox 509 2323 604 2377; x_wconf 83' lang='lat' dir='ltr'>mollis</span> <span class='ocrx_word' id='word_1_203' title='bbox 628 2326 671 2378; x_wconf 89' lang='lat' dir='ltr'>est</span> <span class='ocrx_word' id='word_1_204' title='bbox 695 2340 741 2378; x_wconf 89' lang='lat' dir='ltr'>ex·</span> <span class='ocrx_word' id='word_1_205' title='bbox 768 2341 835 2378; x_wconf 93' lang='lat' dir='ltr'>uam</span> <span class='ocrx_word' id='word_1_206' title='bbox 853 2327 886 2378; x_wconf 88' lang='lat' dir='ltr'>ut</span> <span class='ocrx_word' id='word_1_207' title='bbox 905 2326 948 2378; x_wconf 90' lang='lat' dir='ltr'>est</span> <span class='ocrx_word' id='word_1_208' title='bbox 965 2322 1090 2376; x_wconf 85' lang='lat' dir='ltr'>masculo</span> 
     </span>
     <span class='ocr_line' id='line_1_30' title="bbox 64 2393 1091 2450; baseline -0.002 0"><span class='ocrx_word' id='word_1_209' title='bbox 64 2395 151 2450; x_wconf 84' lang='lat' dir='ltr'>terior</span> <span class='ocrx_word' id='word_1_210' title='bbox 182 2410 307 2449; x_wconf 79' lang='lat' dir='ltr'>nervose</span> <span class='ocrx_word' id='word_1_211' title='bbox 339 2396 390 2449; x_wconf 86' lang='lat' dir='ltr'>est.</span> <span class='ocrx_word' id='word_1_212' title='bbox 417 2393 513 2449; x_wconf 85' lang='lat' dir='ltr'>terior.</span> <span class='ocrx_word' id='word_1_213' title='bbox 538 2394 656 2449; x_wconf 85' lang='lat' dir='ltr'>interior</span> <span class='ocrx_word' id='word_1_214' title='bbox 678 2412 741 2450; x_wconf 87' lang='lat' dir='ltr'>ner·</span> <span class='ocrx_word' id='word_1_215' title='bbox 769 2398 918 2450; x_wconf 84' lang='lat' dir='ltr'>veretrum.</span> <span class='ocrx_word' id='word_1_216' title='bbox 927 2393 970 2448; x_wconf 92' lang='lat' dir='ltr'>ita</span> <span class='ocrx_word' id='word_1_217' title='bbox 980 2397 1024 2448; x_wconf 85' lang='lat' dir='ltr'>est</span> <span class='ocrx_word' id='word_1_218' title='bbox 1032 2411 1091 2448; x_wconf 93' lang='lat' dir='ltr'>ma·</span> 
     </span>
     <span class='ocr_line' id='line_1_31' title="bbox 65 2436 1092 2547; baseline -0.002 -25"><span class='ocrx_word' id='word_1_219' title='bbox 65 2465 189 2522; x_wconf 83' lang='lat' dir='ltr'>exterior</span> <span class='ocrx_word' id='word_1_220' title='bbox 202 2480 325 2520; x_wconf 82' lang='lat' dir='ltr'>carnosa</span> <span class='ocrx_word' id='word_1_221' title='bbox 338 2467 390 2521; x_wconf 91' lang='lat' dir='ltr'>est.</span> <span class='ocrx_word' id='word_1_222' title='bbox 418 2481 568 2520; x_wconf 80' lang='lat' dir='ltr'>vesanam</span> <span class='ocrx_word' id='word_1_223' title='bbox 576 2466 668 2534; x_wconf 87' lang='lat' dir='ltr'>prima</span> <span class='ocrx_word' id='word_1_224' title='bbox 676 2467 741 2520; x_wconf 90' lang='lat' dir='ltr'>sub·</span> <span class='ocrx_word' id='word_1_225' title='bbox 754 2436 756 2547; x_wconf 57' lang='lat' dir='ltr'>i</span> <span class='ocrx_word' id='word_1_226' title='bbox 769 2466 849 2522; x_wconf 87' lang='lat' dir='ltr'>tricis</span> <span class='ocrx_word' id='word_1_227' title='bbox 869 2466 1007 2520; x_wconf 90' lang='lat' dir='ltr'>columna.</span> <span class='ocrx_word' id='word_1_228' title='bbox 1033 2483 1092 2520; x_wconf 92' lang='lat' dir='ltr'>ma-</span> 
     </span>
     <span class='ocr_line' id='line_1_32' title="bbox 65 2535 1094 2607; baseline -0.002 -16"><span class='ocrx_word' id='word_1_229' title='bbox 65 2536 137 2591; x_wconf 78' lang='lat' dir='ltr'>Nam</span> <span class='ocrx_word' id='word_1_230' title='bbox 155 2536 253 2607; x_wconf 87' lang='lat' dir='ltr'>prima</span> <span class='ocrx_word' id='word_1_231' title='bbox 267 2535 393 2590; x_wconf 83' lang='lat' dir='ltr'>subiecit</span> <span class='ocrx_word' id='word_1_232' title='bbox 419 2535 495 2590; x_wconf 86' lang='lat' dir='ltr'>iacet</span> <span class='ocrx_word' id='word_1_233' title='bbox 519 2537 647 2591; x_wconf 88' lang='lat' dir='ltr'>membra</span> <span class='ocrx_word' id='word_1_234' title='bbox 666 2538 742 2605; x_wconf 89' lang='lat' dir='ltr'>quod</span> <span class='ocrx_word' id='word_1_235' title='bbox 769 2538 827 2591; x_wconf 88' lang='lat' dir='ltr'>trix</span> <span class='ocrx_word' id='word_1_236' title='bbox 839 2537 915 2591; x_wconf 91' lang='lat' dir='ltr'>enim</span> <span class='ocrx_word' id='word_1_237' title='bbox 924 2537 1094 2591; x_wconf 76' lang='lat' dir='ltr'>naturaliter</span> 
     </span>
     <span class='ocr_line' id='line_1_33' title="bbox 64 2606 1093 2678; baseline -0.001 -16"><span class='ocrx_word' id='word_1_238' title='bbox 64 2608 233 2662; x_wconf 83' lang='lat' dir='ltr'>membrana</span> <span class='ocrx_word' id='word_1_239' title='bbox 268 2606 300 2661; x_wconf 91' lang='lat' dir='ltr'>in</span> <span class='ocrx_word' id='word_1_240' title='bbox 335 2622 393 2674; x_wconf 84' lang='lat' dir='ltr'>qua</span> <span class='ocrx_word' id='word_1_241' title='bbox 418 2606 496 2676; x_wconf 79' lang='lat' dir='ltr'>greci</span> <span class='ocrx_word' id='word_1_242' title='bbox 528 2607 663 2662; x_wconf 87' lang='lat' dir='ltr'>fenicium</span> <span class='ocrx_word' id='word_1_243' title='bbox 700 2608 742 2662; x_wconf 89' lang='lat' dir='ltr'>di·</span> <span class='ocrx_word' id='word_1_244' title='bbox 769 2607 881 2678; x_wconf 85' lang='lat' dir='ltr'>fragilis</span> <span class='ocrx_word' id='word_1_245' title='bbox 890 2608 1093 2662; x_wconf 89' lang='lat' dir='ltr'>etmollissima</span> 
     </span>
     <span class='ocr_line' id='line_1_34' title="bbox 66 2677 1092 2748; baseline -0.003 -15"><span class='ocrx_word' id='word_1_246' title='bbox 66 2677 231 2734; x_wconf 75' lang='lat' dir='ltr'>contenitur</span> <span class='ocrx_word' id='word_1_247' title='bbox 247 2677 326 2746; x_wconf 87' lang='lat' dir='ltr'>quod</span> <span class='ocrx_word' id='word_1_248' title='bbox 344 2693 393 2748; x_wconf 81' lang='lat' dir='ltr'>ge·</span> <span class='ocrx_word' id='word_1_249' title='bbox 420 2681 495 2733; x_wconf 90' lang='lat' dir='ltr'>cunt.</span> <span class='ocrx_word' id='word_1_250' title='bbox 514 2695 583 2733; x_wconf 88' lang='lat' dir='ltr'>nam</span> <span class='ocrx_word' id='word_1_251' title='bbox 595 2680 741 2733; x_wconf 89' lang='lat' dir='ltr'>commodo</span> <span class='ocrx_word' id='word_1_252' title='bbox 770 2683 821 2734; x_wconf 85' lang='lat' dir='ltr'>est.</span> <span class='ocrx_word' id='word_1_253' title='bbox 838 2683 970 2733; x_wconf 83' lang='lat' dir='ltr'>constans</span> <span class='ocrx_word' id='word_1_254' title='bbox 985 2695 1092 2732; x_wconf 84' lang='lat' dir='ltr'>exner-</span> 
     </span>
    </p>
   </div>
   <div class='ocr_carea' id='block_1_4' title="bbox 65 2748 1193 2818">
    <p class='ocr_par' dir='ltr' id='par_1_6' title="bbox 65 2748 1193 2818">
     <span class='ocr_line' id='line_1_35' title="bbox 65 2748 1193 2818; baseline -0.004 -15"><span class='ocrx_word' id='word_1_255' title='bbox 65 2750 197 2804; x_wconf 87' lang='lat' dir='ltr'>uiocione</span> <span class='ocrx_word' id='word_1_256' title='bbox 227 2748 317 2818; x_wconf 88' lang='lat' dir='ltr'>ulpon</span> <span class='ocrx_word' id='word_1_257' title='bbox 344 2765 393 2803; x_wconf 92' lang='lat' dir='ltr'>vo·</span> <span class='ocrx_word' id='word_1_258' title='bbox 420 2749 740 2804; x_wconf 86' lang='lat' dir='ltr'>estmasculiveretrum.</span> <span class='ocrx_word' id='word_1_259' title='bbox 770 2750 821 2805; x_wconf 85' lang='lat' dir='ltr'>vis.</span> <span class='ocrx_word' id='word_1_260' title='bbox 856 2753 885 2805; x_wconf 91' lang='lat' dir='ltr'>et</span> <span class='ocrx_word' id='word_1_261' title='bbox 916 2748 1092 2818; x_wconf 85' lang='lat' dir='ltr'>parvissimis</span> <span class='ocrx_word' id='word_1_262' title='bbox 1189 2802 1193 2808; x_wconf 67' lang='grc'><strong><em>,</em></strong></span> 
     </span>
    </p>
   </div>
   <div class='ocr_carea' id='block_1_5' title="bbox 66 2818 1092 3313">
    <p class='ocr_par' dir='ltr' id='par_1_7' title="bbox 66 2818 1092 3313">
     <span class='ocr_line' id='line_1_36' title="bbox 66 2818 1091 2892; baseline -0.005 -17"><span class='ocrx_word' id='word_1_263' title='bbox 66 2824 137 2876; x_wconf 84' lang='lat' dir='ltr'>caut.</span> <span class='ocrx_word' id='word_1_264' title='bbox 168 2819 246 2874; x_wconf 81' lang='lat' dir='ltr'>Nam</span> <span class='ocrx_word' id='word_1_265' title='bbox 271 2818 392 2892; x_wconf 86' lang='lat' dir='ltr'>quo&lt;d&gt;</span> <span class='ocrx_word' id='word_1_266' title='bbox 421 2819 462 2873; x_wconf 91' lang='lat' dir='ltr'>sio</span> <span class='ocrx_word' id='word_1_267' title='bbox 476 2823 519 2874; x_wconf 88' lang='lat' dir='ltr'>est</span> <span class='ocrx_word' id='word_1_268' title='bbox 532 2820 617 2875; x_wconf 91' lang='lat' dir='ltr'>vulve</span> <span class='ocrx_word' id='word_1_269' title='bbox 629 2821 741 2876; x_wconf 91' lang='lat' dir='ltr'>collum.</span> <span class='ocrx_word' id='word_1_270' title='bbox 755 2870 757 2875; x_wconf 92' lang='lat'><em>.</em></span> <span class='ocrx_word' id='word_1_271' title='bbox 770 2821 881 2876; x_wconf 86' lang='lat' dir='ltr'>venulis</span> <span class='ocrx_word' id='word_1_272' title='bbox 899 2819 1001 2873; x_wconf 88' lang='lat' dir='ltr'>tonicis</span> <span class='ocrx_word' id='word_1_273' title='bbox 1024 2819 1091 2871; x_wconf 92' lang='lat' dir='ltr'>dua-</span> 
     </span>
     <span class='ocr_line' id='line_1_37' title="bbox 66 2887 1090 2961; baseline -0.005 -16"><span class='ocrx_word' id='word_1_274' title='bbox 66 2893 147 2945; x_wconf 85' lang='lat' dir='ltr'>nodo</span> <span class='ocrx_word' id='word_1_275' title='bbox 158 2889 394 2945; x_wconf 80' lang='lat' dir='ltr'>cstmasculive-</span> <span class='ocrx_word' id='word_1_276' title='bbox 419 2890 491 2944; x_wconf 84' lang='lat' dir='ltr'>haec</span> <span class='ocrx_word' id='word_1_277' title='bbox 506 2892 684 2961; x_wconf 86' lang='lat' dir='ltr'>superposita</span> <span class='ocrx_word' id='word_1_278' title='bbox 699 2895 743 2946; x_wconf 93' lang='lat' dir='ltr'>est</span> <span class='ocrx_word' id='word_1_279' title='bbox 770 2893 832 2947; x_wconf 89' lang='lat' dir='ltr'>bus.</span> <span class='ocrx_word' id='word_1_280' title='bbox 857 2890 979 2945; x_wconf 81' lang='lat' dir='ltr'>exterius</span> <span class='ocrx_word' id='word_1_281' title='bbox 998 2887 1090 2942; x_wconf 88' lang='lat' dir='ltr'>nervis</span> 
     </span>
     <span class='ocr_line' id='line_1_38' title="bbox 66 2958 1091 3057; baseline -0.007 -41"><span class='ocrx_word' id='word_1_282' title='bbox 66 2966 138 3016; x_wconf 80' lang='lat' dir='ltr'>retro</span> <span class='ocrx_word' id='word_1_283' title='bbox 158 2961 202 3016; x_wconf 89' lang='lat' dir='ltr'>sio</span> <span class='ocrx_word' id='word_1_284' title='bbox 227 2964 273 3015; x_wconf 85' lang='lat' dir='ltr'>est</span> <span class='ocrx_word' id='word_1_285' title='bbox 289 2960 393 3016; x_wconf 85' lang='lat' dir='ltr'>vulvae</span> <span class='ocrx_word' id='word_1_286' title='bbox 421 2960 531 3016; x_wconf 85' lang='lat' dir='ltr'>directa</span> <span class='ocrx_word' id='word_1_287' title='bbox 540 2961 684 3018; x_wconf 88' lang='lat' dir='ltr'>intestino.</span> <span class='ocrx_word' id='word_1_288' title='bbox 696 2981 742 3017; x_wconf 88' lang='lat' dir='ltr'>ou·</span> <span class='ocrx_word' id='word_1_289' title='bbox 755 2990 758 3057; x_wconf 51' lang='lat'>1</span> <span class='ocrx_word' id='word_1_290' title='bbox 771 2966 815 3017; x_wconf 85' lang='lat' dir='ltr'>est</span> <span class='ocrx_word' id='word_1_291' title='bbox 842 2963 929 3015; x_wconf 83' lang='lat' dir='ltr'>firma.</span> <span class='ocrx_word' id='word_1_292' title='bbox 973 2958 1091 3038; x_wconf 83' lang='lat' dir='ltr'>interius</span> 
     </span>
     <span class='ocr_line' id='line_1_39' title="bbox 68 3029 1090 3098; baseline -0.007 -11"><span class='ocrx_word' id='word_1_293' title='bbox 68 3033 178 3088; x_wconf 81' lang='lat' dir='ltr'>collum</span> <span class='ocrx_word' id='word_1_294' title='bbox 208 3031 319 3098; x_wconf 83' lang='lat' dir='ltr'>Quibus</span> <span class='ocrx_word' id='word_1_295' title='bbox 348 3049 393 3086; x_wconf 89' lang='lat' dir='ltr'>su·</span> <span class='ocrx_word' id='word_1_296' title='bbox 420 3031 464 3085; x_wconf 91' lang='lat' dir='ltr'>ius</span> <span class='ocrx_word' id='word_1_297' title='bbox 476 3032 562 3087; x_wconf 88' lang='lat' dir='ltr'>series</span> <span class='ocrx_word' id='word_1_298' title='bbox 572 3033 603 3086; x_wconf 89' lang='lat' dir='ltr'>id</span> <span class='ocrx_word' id='word_1_299' title='bbox 613 3037 657 3087; x_wconf 90' lang='lat' dir='ltr'>est</span> <span class='ocrx_word' id='word_1_300' title='bbox 669 3050 889 3088; x_wconf 58' lang='lat' dir='ltr'>com-carnosa</span> <span class='ocrx_word' id='word_1_301' title='bbox 925 3032 954 3084; x_wconf 88' lang='lat' dir='ltr'>et</span> <span class='ocrx_word' id='word_1_302' title='bbox 988 3029 1090 3082; x_wconf 89' lang='lat' dir='ltr'>molhs.</span> 
     </span>
     <span class='ocr_line' id='line_1_40' title="bbox 68 3081 1092 3197; baseline -0.008 -38"><span class='ocrx_word' id='word_1_303' title='bbox 68 3102 212 3174; x_wconf 81' lang='lat' dir='ltr'>perposita</span> <span class='ocrx_word' id='word_1_304' title='bbox 249 3104 302 3159; x_wconf 87' lang='lat' dir='ltr'>est.</span> <span class='ocrx_word' id='word_1_305' title='bbox 343 3101 394 3157; x_wconf 91' lang='lat' dir='ltr'>Di·</span> <span class='ocrx_word' id='word_1_306' title='bbox 420 3119 494 3172; x_wconf 83' lang='lat' dir='ltr'>pago</span> <span class='ocrx_word' id='word_1_307' title='bbox 513 3121 578 3157; x_wconf 91' lang='lat' dir='ltr'>cum</span> <span class='ocrx_word' id='word_1_308' title='bbox 591 3104 682 3158; x_wconf 87' lang='lat' dir='ltr'>tribus</span> <span class='ocrx_word' id='word_1_309' title='bbox 701 3105 744 3159; x_wconf 84' lang='lat' dir='ltr'>io·</span> <span class='ocrx_word' id='word_1_310' title='bbox 756 3081 758 3197; x_wconf 54' lang='grc' dir='ltr'>ι</span> <span class='ocrx_word' id='word_1_311' title='bbox 772 3123 826 3177; x_wconf 65' lang='lat' dir='ltr'>que</span> <span class='ocrx_word' id='word_1_312' title='bbox 846 3105 889 3158; x_wconf 87' lang='lat' dir='ltr'>est</span> <span class='ocrx_word' id='word_1_313' title='bbox 906 3101 1012 3154; x_wconf 85' lang='lat' dir='ltr'>directa</span> <span class='ocrx_word' id='word_1_314' title='bbox 1026 3117 1092 3179; x_wconf 68' lang='lat' dir='ltr'>con3</span> 
     </span>
     <span class='ocr_line' id='line_1_41' title="bbox 69 3172 1092 3246; baseline -0.007 -18"><span class='ocrx_word' id='word_1_315' title='bbox 69 3174 136 3230; x_wconf 81' lang='lat' dir='ltr'>ricta</span> <span class='ocrx_word' id='word_1_316' title='bbox 150 3173 294 3229; x_wconf 79' lang='lat' dir='ltr'>intestino</span> <span class='ocrx_word' id='word_1_317' title='bbox 312 3173 394 3228; x_wconf 86' lang='lat' dir='ltr'>cuius</span> <span class='ocrx_word' id='word_1_318' title='bbox 422 3174 816 3246; x_wconf 65' lang='lat' dir='ltr'>raminibuspomigiturutra</span> <span class='ocrx_word' id='word_1_319' title='bbox 843 3172 1016 3227; x_wconf 88' lang='lat' dir='ltr'>intestinum.</span> <span class='ocrx_word' id='word_1_320' title='bbox 1046 3187 1092 3223; x_wconf 93' lang='lat' dir='ltr'>cu1</span> 
     </span>
     <span class='ocr_line' id='line_1_42' title="bbox 70 3239 1091 3313; baseline -0.007 -12"><span class='ocrx_word' id='word_1_321' title='bbox 70 3246 146 3300; x_wconf 84' lang='lat' dir='ltr'>cevix</span> <span class='ocrx_word' id='word_1_322' title='bbox 160 3262 228 3300; x_wconf 88' lang='lat' dir='ltr'>cum</span> <span class='ocrx_word' id='word_1_323' title='bbox 241 3244 335 3300; x_wconf 84' lang='lat' dir='ltr'>tribus</span> <span class='ocrx_word' id='word_1_324' title='bbox 350 3244 393 3299; x_wconf 85' lang='lat' dir='ltr'>fo·</span> <span class='ocrx_word' id='word_1_325' title='bbox 421 3261 510 3313; x_wconf 91' lang='lat' dir='ltr'>usque</span> <span class='ocrx_word' id='word_1_326' title='bbox 533 3247 571 3300; x_wconf 86' lang='lat' dir='ltr'>ad</span> <span class='ocrx_word' id='word_1_327' title='bbox 598 3246 691 3300; x_wconf 87' lang='lat' dir='ltr'>locum</span> <span class='ocrx_word' id='word_1_328' title='bbox 713 3247 744 3300; x_wconf 89' lang='lat' dir='ltr'>iu</span> <span class='ocrx_word' id='word_1_329' title='bbox 772 3245 872 3300; x_wconf 84' lang='lat' dir='ltr'>cervix.</span> <span class='ocrx_word' id='word_1_330' title='bbox 901 3242 991 3296; x_wconf 85' lang='lat' dir='ltr'>tribus</span> <span class='ocrx_word' id='word_1_331' title='bbox 1017 3239 1091 3294; x_wconf 87' lang='lat' dir='ltr'>fora-</span> 
     </span>
    </p>
   </div>
   <div class='ocr_carea' id='block_1_6' title="bbox 71 3312 1091 3441">
    <p class='ocr_par' dir='ltr' id='par_1_8' title="bbox 71 3312 1091 3441">
     <span class='ocr_line' id='line_1_43' title="bbox 71 3312 1091 3441; baseline -0.008 -69"><span class='ocrx_word' id='word_1_332' title='bbox 71 3316 225 3372; x_wconf 78' lang='lat' dir='ltr'>ruminibus</span> <span class='ocrx_word' id='word_1_333' title='bbox 245 3332 394 3441; x_wconf 49' lang='lat' dir='ltr'>“gunegu-</span> <span class='ocrx_word' id='word_1_334' title='bbox 423 3332 479 3383; x_wconf 90' lang='lat' dir='ltr'>quo</span> <span class='ocrx_word' id='word_1_335' title='bbox 497 3316 540 3370; x_wconf 89' lang='lat' dir='ltr'>rei</span> <span class='ocrx_word' id='word_1_336' title='bbox 558 3318 662 3371; x_wconf 87' lang='lat' dir='ltr'>veretri</span> <span class='ocrx_word' id='word_1_337' title='bbox 676 3336 744 3372; x_wconf 91' lang='lat' dir='ltr'>usus</span> <span class='ocrx_word' id='word_1_338' title='bbox 771 3315 894 3370; x_wconf 82' lang='lat' dir='ltr'>minibus</span> <span class='ocrx_word' id='word_1_339' title='bbox 910 3312 1027 3382; x_wconf 84' lang='lat' dir='ltr'>erigitur</span> <span class='ocrx_word' id='word_1_340' title='bbox 1045 3329 1091 3364; x_wconf 88' lang='lat' dir='ltr'>us-</span> 
     </span>
    </p>
   </div>
   <div class='ocr_carea' id='block_1_7' title="bbox 72 3384 1091 3564">
    <p class='ocr_par' dir='ltr' id='par_1_9' title="bbox 72 3384 1091 3564">
     <span class='ocr_line' id='line_1_44' title="bbox 72 3384 1091 3457; baseline -0.004 -16"><span class='ocrx_word' id='word_1_341' title='bbox 72 3388 119 3443; x_wconf 84' lang='lat' dir='ltr'>tur.</span> <span class='ocrx_word' id='word_1_342' title='bbox 137 3403 232 3457; x_wconf 85' lang='lat' dir='ltr'>usque</span> <span class='ocrx_word' id='word_1_343' title='bbox 298 3386 395 3442; x_wconf 90' lang='lat' dir='ltr'>locum</span> <span class='ocrx_word' id='word_1_344' title='bbox 422 3386 573 3456; x_wconf 89' lang='lat' dir='ltr'>perficitur.</span> <span class='ocrx_word' id='word_1_345' title='bbox 772 3403 825 3456; x_wconf 87' lang='lat' dir='ltr'>qne</span> <span class='ocrx_word' id='word_1_346' title='bbox 851 3386 888 3439; x_wconf 84' lang='lat' dir='ltr'>ad</span> <span class='ocrx_word' id='word_1_347' title='bbox 915 3384 1091 3451; x_wconf 83' lang='lat' dir='ltr'>longuenem.</span> 
     </span>
     <span class='ocr_line' id='line_1_45' title="bbox 166 3490 973 3564; baseline -0.006 -15"><span class='ocrx_word' id='word_1_348' title='bbox 166 3494 226 3549; x_wconf 87' lang='lat' dir='ltr'>HI</span> <span class='ocrx_word' id='word_1_349' title='bbox 233 3492 291 3564; x_wconf 91' lang='lat' dir='ltr'>(D)</span> <span class='ocrx_word' id='word_1_350' title='bbox 529 3495 548 3547; x_wconf 90' lang='lat'><strong><em>1</em></strong></span> <span class='ocrx_word' id='word_1_351' title='bbox 552 3495 634 3563; x_wconf 89' lang='lat' dir='ltr'><em>V(P)</em></span> <span class='ocrx_word' id='word_1_352' title='bbox 895 3493 942 3558; x_wconf 88' lang='lat' dir='ltr'>V(</span> <span class='ocrx_word' id='word_1_353' title='bbox 943 3490 973 3557; x_wconf 79' lang='lat' dir='ltr'>O)</span> 
     </span>
    </p>
   </div>
   <div class='ocr_carea' id='block_1_8' title="bbox 0 0 1214 3922">
    <p class='ocr_par' dir='ltr' id='par_1_10' title="bbox 0 0 1214 3922">
     <span class='ocr_line' id='line_1_46' title="bbox 0 0 1214 3922; baseline 0 0"><span class='ocrx_word' id='word_1_354' title='bbox 0 0 1214 3922; x_wconf 95' lang='lat' dir='ltr'> </span> 
     </span>
    </p>
   </div>
  </div>
 </body>
</html>
