2392 3922
168 836 207 903 (4)
226 833 293 887 huic
307 849 374 902 ergo
389 831 532 886 calvariae
546 829 639 884 subie-
703 831 741 898 (4)
753 828 820 884 huie
831 845 899 899 ergo
911 828 1038 903 celvurie
1052 830 1144 884 dextra
1178 844 1187 881 2·

133 907 199 958 cent
221 907 375 973 tempore
398 919 452 970 que
479 901 640 957 continetur
666 899 787 968 leveque
814 902 944 970 tempora
972 917 1029 969 que
1061 901 1145 955 conti·
1188 962 1190 966 ¹

134 975 277 1044 spiritales
292 973 406 1056 (spales)
420 972 539 1028 senibus
552 989 638 1026 venes
666 973 770 1026 nentur
787 970 966 1054 spiritalibus
982 971 1065 1027 venis
1079 972 1144 1031 cele
1187 1030 1190 1037 ,

135 1045 243 1101 cerebri
279 1045 382 1114 qu1bus
424 1043 536 1114 positae
573 1045 639 1098 sunt
665 1041 719 1098 bri.
762 1043 865 1111 qurbus
902 1042 1052 1116 subposito
1086 1045 1144 1103 sunt
1188 1078 1190 1083 ,

134 1116 333 1186 supercilia.
359 1117 499 1198 quetsunt
517 1113 638 1183 capillus
667 1112 819 1182 supercilia
840 1112 915 1183 pilos
940 1113 1071 1170 vestitas.
1098 1129 1143 1184 pro

133 1188 260 1242 vestitas.
296 1203 382 1255 quare
414 1202 475 1255 ipse
508 1184 638 1254 copiosus
665 1200 723 1252 qun
741 1190 789 1239 re?
813 1185 846 1238 ut
865 1183 889 1239 si
908 1183 1041 1254 copiosus
1065 1185 1144 1239 sudor
1184 1218 1187 1223 -

133 1258 248 1327 sanguis
273 1274 324 1327 per
349 1257 441 1311 fronte
467 1255 639 1311 discenderit
665 1253 815 1336 perfronte
826 1255 1014 1310 descenderit.
1022 1258 1056 1310 ut
1065 1256 1143 1310 sudor
1184 1304 1187 1309 .

134 1328 246 1397 aposita
265 1327 447 1381 obtenatione
471 1326 639 1396 capillorum
665 1325 1144 1396 ipsenbhesitntionepilorumcon·
1180 1322 1187 1393 ἒ

132 1399 300 1452 continetur.
330 1399 419 1451 donec
440 1397 573 1466 apollicio
593 1414 637 1451 su·
665 1395 798 1453 tinectur.
827 1398 860 1451 ut
892 1412 940 1451 eos
968 1396 1066 1453 ledere
1092 1414 1143 1451 non
1179 1402 1186 1459 ξ

132 1468 183 1520 dor
201 1467 335 1521 collectus
355 1467 444 1521 oculis
464 1467 563 1523 obesse
581 1485 638 1522 non
664 1468 768 1536 posset.
1182 1486 1185 1496 ·

130 1537 228 1606 possit.

168 1984 205 2050 (ὅ)
229 1980 321 2035 oculi
345 1982 441 2034 eutem
463 1979 524 2049 ipse
548 1979 637 2034 conti-
701 1981 739 2048 (5)
762 1977 838 2033 oculi
864 1980 960 2033 cutem
982 1978 1040 2048 ipsi
1059 1980 1142 2034 conti-

132 2054 253 2106 neantur
280 2069 344 2106 oum
369 2051 510 2106 exussisse
539 2052 638 2105 crebre
665 2052 767 2104 nentur
777 2050 829 2104 sub
842 2066 911 2104 rese
926 2049 1033 2104 celebri
1046 2051 1078 2105 in
1093 2053 1142 2104 duo

132 2123 186 2176 hoo
213 2126 257 2177 est
279 2122 385 2178 ventris
412 2121 552 2177 cerebelli.
582 2122 637 2175 duo
664 2120 804 2175 foramina
822 2137 873 2189 per
891 2121 994 2190 quibus
1019 2122 1143 2177 oriuntur

132 2193 271 2248 foramina
289 2193 420 2249 uriuntur
433 2210 483 2263 per
496 2210 566 2261 quas
581 2191 637 2246 sin-
664 2191 829 2247 tenuissime
838 2208 910 2265 vene
924 2193 974 2260 qui
988 2208 1037 2247 eos
1048 2194 1143 2248 dextre

132 2265 215 2334 gulas
234 2265 343 2320 radices
364 2264 547 2320 tenuissimae
565 2264 637 2318 bene
666 2263 781 2317 sinistra
799 2262 919 2318 volvunt
940 2264 1142 2334 conspicientes

134 2337 168 2390 de
200 2340 281 2406 parte
314 2337 421 2391 dextre.
459 2335 489 2388 in
523 2335 638 2389 sinistra
665 2333 778 2402 ubique.

132 2411 228 2461 cutem
259 2407 339 2461 uului
372 2407 516 2461 oculorum
548 2405 636 2460 conti-

132 2480 223 2532 netur.
248 2477 386 2530 tunicas
406 2479 548 2544 quattuor.
569 2493 638 2544 quc·
666 2475 741 2531 oculi
759 2492 826 2530 vero
840 2475 897 2546 ipsi
910 2475 1020 2530 hebent
1033 2477 1143 2532 tunicas

131 2547 215 2600 modo
237 2546 403 2601 intenditur.
428 2546 521 2615 prima
539 2547 638 2602 tunica
665 2550 800 2616 quattuor
822 2546 869 2602 vel
892 2546 1018 2616 quinque
1043 2551 1073 2603 et
1096 2549 1144 2602 hu-

131 2619 209 2669 cerat
217 2616 298 2669 uedis
309 2616 420 2671 dicitur.
436 2617 560 2670 secunde
569 2635 637 2673 vero
664 2618 789 2673 moribus
808 2617 908 2673 tribus.
937 2620 1079 2687 quomodo
1104 2621 1145 2674 est

130 2685 635 2758 ragucdistertiaveroministruedis.
664 2689 812 2744 intendite.
848 2689 940 2758 primu
971 2689 1071 2744 tunica
1104 2693 1145 2745 est

131 2760 233 2824 quarta
259 2759 355 2811 autem
378 2757 564 2814 cristaluedis.
593 2760 636 2813 ni-
664 2779 719 2833 quc
739 2760 900 2830 appellatur
923 2764 1026 2816 cereto.
1053 2761 1145 2816 idest

131 2828 207 2897 gella
225 2845 291 2882 vero
310 2844 407 2881 eorum
424 2828 503 2884 urbis
524 2829 567 2903 ire
587 2848 636 2900 ap·
663 2833 787 2886 secunde
818 2848 890 2904 reco.
924 2831 955 2884 id
987 2835 1032 2886 est
1060 2832 1146 2887 tertie

129 2899 280 2968 pellentur.
303 2898 334 2951 in
357 2899 451 2953 medio
475 2903 571 2955 autern
590 2919 636 2954 ur·
663 2902 740 2957 trito.
764 2903 796 2956 id
819 2905 863 2959 est
881 2906 984 2970 quartu
1004 2903 1092 2958 disco.
1116 2903 1146 2957 id

129 2969 209 3022 bium
232 2970 311 3022 actus
334 2969 381 3024 vel
403 2971 512 3045 pupille
538 2973 635 3041 appel·
663 2976 707 3027 est
726 2973 827 3040 quinte
846 2972 1001 3030 christallo.
1021 2973 1122 3030 idest.

129 3039 225 3094 lantur
237 3056 287 3108 per
301 3057 371 3107 quas
381 3041 474 3097 visum
486 3042 634 3097 cernimus.

129 3109 180 3162 alii
204 3113 300 3164 autern
324 3111 423 3166 dicunt
445 3130 503 3167 non
525 3130 586 3168 esse
604 3113 635 3166 in

129 3180 217 3234 oculis
250 3181 362 3237 tunicas
395 3185 445 3238 sed
481 3185 633 3238 humorem.

129 3250 201 3305 sicat
220 3252 279 3306 sole
298 3253 328 3306 in
343 3272 399 3322 quc
416 3255 529 3309 helesin
546 3253 634 3309 nasci.

130 3321 312 3379 dominantur
326 3330 422 3380 autem
431 3326 461 3379 in
471 3326 559 3380 oculis
573 3326 634 3378 hu·
661 3337 793 3400 numerus
809 3322 905 3375 autem
919 3323 986 3374 sunt
1000 3325 1068 3380 tres.
1089 3327 1146 3380 his-

128 3409 236 3449 mores
255 3400 313 3451 tres
335 3397 426 3451 salsus
450 3396 581 3450 humidus
605 3397 634 3450 et
662 3395 757 3461 quate.
777 3392 808 3443 id
832 3394 876 3446 est
904 3391 1027 3459 hylodis.
1058 3397 1147 3451 chris-

128 3461 256 3532 frlgidus.
277 3468 497 3538 asclepiades
517 3483 563 3521 ore
583 3482 633 3519 suo
661 3462 752 3517 modis

339 3549 424 3618 Iar)
847 3540 947 3611 Har)
