<?xml version="1.0" encoding="UTF-8"?>
<!DOCTYPE html PUBLIC "-//W3C//DTD XHTML 1.0 Transitional//EN"
    "http://www.w3.org/TR/xhtml1/DTD/xhtml1-transitional.dtd">
<html xmlns="http://www.w3.org/1999/xhtml" xml:lang="en" lang="en">
 <head>
  <title>
</title>
<meta http-equiv="Content-Type" content="text/html;charset=utf-8" />
  <meta name='ocr-system' content='tesseract 3.04.00' />
  <meta name='ocr-capabilities' content='ocr_page ocr_carea ocr_par ocr_line ocrx_word'/>
</head>
<body>
  <div class='ocr_page' id='page_1' title='image "./euporistonlibri00rosegoog_0400.png"; bbox 0 0 2392 3922; ppageno 0'>
   <div class='ocr_carea' id='block_1_1' title="bbox 348 185 1143 251">
    <p class='ocr_par' dir='ltr' id='par_1_1' title="bbox 348 185 1143 251">
     <span class='ocr_line' id='line_1_1' title="bbox 348 185 1143 251; baseline 0.013 -12"><span class='ocrx_word' id='word_1_1' title='bbox 348 185 627 240; x_wconf 73' lang='lat' dir='ltr'><strong>muneraremur</strong></span> <span class='ocrx_word' id='word_1_2' title='bbox 644 187 916 240; x_wconf 80' lang='lat' dir='ltr'><strong>nnuxrnnnusn.</strong></span> <span class='ocrx_word' id='word_1_3' title='bbox 1079 187 1143 251; x_wconf 79' lang='lat'><strong>367</strong></span> 
     </span>
    </p>
   </div>
   <div class='ocr_carea' id='block_1_2' title="bbox 69 349 1175 1227">
    <p class='ocr_par' dir='ltr' id='par_1_2' title="bbox 125 349 1145 609">
     <span class='ocr_line' id='line_1_2' title="bbox 126 349 1144 430; baseline 0.001 -19"><span class='ocrx_word' id='word_1_4' title='bbox 126 349 328 411; x_wconf 83' lang='lat' dir='ltr'>tenerioribus</span> <span class='ocrx_word' id='word_1_5' title='bbox 352 352 552 430; x_wconf 79' lang='lat' dir='ltr'><strong>sempervivae</strong></span> <span class='ocrx_word' id='word_1_6' title='bbox 577 353 638 429; x_wconf 91' lang='lat' dir='ltr'><strong>apii</strong></span> <span class='ocrx_word' id='word_1_7' title='bbox 660 358 691 411; x_wconf 92' lang='lat' dir='ltr'><strong>et</strong></span> <span class='ocrx_word' id='word_1_8' title='bbox 713 350 871 412; x_wconf 83' lang='lat' dir='ltr'><strong>coriandri.</strong></span> <span class='ocrx_word' id='word_1_9' title='bbox 902 369 970 411; x_wconf 93' lang='lat' dir='ltr'><strong>cum</strong></span> <span class='ocrx_word' id='word_1_10' title='bbox 993 351 1069 411; x_wconf 92' lang='lat' dir='ltr'><strong>bene</strong></span> <span class='ocrx_word' id='word_1_11' title='bbox 1092 355 1144 412; x_wconf 88' lang='lat' dir='ltr'><strong>tri-</strong></span> 
     </span>
     <span class='ocr_line' id='line_1_3' title="bbox 125 439 1145 519; baseline 0.003 -21"><span class='ocrx_word' id='word_1_12' title='bbox 125 441 215 519; x_wconf 81' lang='lat' dir='ltr'><strong>veris,</strong></span> <span class='ocrx_word' id='word_1_13' title='bbox 237 439 350 500; x_wconf 81' lang='lat' dir='ltr'><strong>adicies</strong></span> <span class='ocrx_word' id='word_1_14' title='bbox 368 439 428 500; x_wconf 91' lang='lat' dir='ltr'><strong>mel</strong></span> <span class='ocrx_word' id='word_1_15' title='bbox 446 446 476 499; x_wconf 98' lang='lat' dir='ltr'><strong>et</strong></span> <span class='ocrx_word' id='word_1_16' title='bbox 494 457 585 518; x_wconf 87' lang='lat' dir='ltr'><strong>grana</strong></span> <span class='ocrx_word' id='word_1_17' title='bbox 602 441 715 518; x_wconf 89' lang='lat' dir='ltr'><strong>piperis</strong></span> <span class='ocrx_word' id='word_1_18' title='bbox 735 442 861 518; x_wconf 91' lang='lat' dir='ltr'><strong>imparia</strong></span> <span class='ocrx_word' id='word_1_19' title='bbox 884 447 993 519; x_wconf 89' lang='lat' dir='ltr'><strong>quanta</strong></span> <span class='ocrx_word' id='word_1_20' title='bbox 1016 440 1145 501; x_wconf 90' lang='lat' dir='ltr'><strong>volueris</strong></span> 
     </span>
     <span class='ocr_line' id='line_1_4' title="bbox 126 527 1144 609; baseline 0.001 -21"><span class='ocrx_word' id='word_1_21' title='bbox 126 535 156 588; x_wconf 89' lang='lat' dir='ltr'><strong>et</strong></span> <span class='ocrx_word' id='word_1_22' title='bbox 173 530 315 588; x_wconf 88' lang='lat' dir='ltr'><strong>universa</strong></span> <span class='ocrx_word' id='word_1_23' title='bbox 333 527 515 606; x_wconf 85' lang='lat' dir='ltr'><strong>temperabis</strong></span> <span class='ocrx_word' id='word_1_24' title='bbox 534 535 565 588; x_wconf 92' lang='lat' dir='ltr'><strong>et</strong></span> <span class='ocrx_word' id='word_1_25' title='bbox 578 534 681 607; x_wconf 89' lang='lat' dir='ltr'><strong>stagno</strong></span> <span class='ocrx_word' id='word_1_26' title='bbox 697 527 839 609; x_wconf 87' lang='lat' dir='ltr'><strong>servabis,</strong></span> <span class='ocrx_word' id='word_1_27' title='bbox 858 535 888 588; x_wconf 91' lang='lat' dir='ltr'><strong>et</strong></span> <span class='ocrx_word' id='word_1_28' title='bbox 901 531 1020 590; x_wconf 89' lang='lat' dir='ltr'><strong>ieiunus</strong></span> <span class='ocrx_word' id='word_1_29' title='bbox 1041 531 1144 589; x_wconf 91' lang='lat' dir='ltr'><strong>uteris.</strong></span> 
     </span>
    </p>

    <p class='ocr_par' dir='ltr' id='par_1_3' title="bbox 94 615 1175 962">
     <span class='ocr_line' id='line_1_5' title="bbox 94 615 1144 697; baseline 0.002 -21"><span class='ocrx_word' id='word_1_30' title='bbox 94 654 97 660; x_wconf 87' lang='lat'>.</span> <span class='ocrx_word' id='word_1_31' title='bbox 125 624 156 676; x_wconf 88' lang='lat' dir='ltr'><strong>et</strong></span> <span class='ocrx_word' id='word_1_32' title='bbox 179 619 207 676; x_wconf 93' lang='lat' dir='ltr'><strong>si</strong></span> <span class='ocrx_word' id='word_1_33' title='bbox 230 618 298 696; x_wconf 89' lang='lat' dir='ltr'><strong>quis</strong></span> <span class='ocrx_word' id='word_1_34' title='bbox 322 615 524 695; x_wconf 89' lang='lat' dir='ltr'><strong>apprehensus</strong></span> <span class='ocrx_word' id='word_1_35' title='bbox 549 617 652 697; x_wconf 87' lang='lat' dir='ltr'><strong>fuerit,</strong></span> <span class='ocrx_word' id='word_1_36' title='bbox 681 616 757 677; x_wconf 90' lang='lat' dir='ltr'><strong>hanc</strong></span> <span class='ocrx_word' id='word_1_37' title='bbox 785 619 937 695; x_wconf 89' lang='lat' dir='ltr'><strong>potionem</strong></span> <span class='ocrx_word' id='word_1_38' title='bbox 965 636 1033 678; x_wconf 93' lang='lat' dir='ltr'><strong>cum</strong></span> <span class='ocrx_word' id='word_1_39' title='bbox 1062 637 1144 678; x_wconf 90' lang='lat' dir='ltr'><strong>acce-</strong></span> 
     </span>
     <span class='ocr_line' id='line_1_6' title="bbox 125 700 1175 788; baseline -0.003 -23"><span class='ocrx_word' id='word_1_40' title='bbox 125 707 217 785; x_wconf 86' lang='lat' dir='ltr'><strong>perit,</strong></span> <span class='ocrx_word' id='word_1_41' title='bbox 241 707 342 765; x_wconf 86' lang='lat' dir='ltr'><strong>statim</strong></span> <span class='ocrx_word' id='word_1_42' title='bbox 364 705 438 764; x_wconf 90' lang='lat' dir='ltr'><strong>foris</strong></span> <span class='ocrx_word' id='word_1_43' title='bbox 461 707 523 765; x_wconf 87' lang='lat' dir='ltr'><strong>exit</strong></span> <span class='ocrx_word' id='word_1_44' title='bbox 546 707 643 765; x_wconf 92' lang='lat' dir='ltr'><strong>omnis</strong></span> <span class='ocrx_word' id='word_1_45' title='bbox 665 705 730 765; x_wconf 91' lang='lat' dir='ltr'><strong>lues</strong></span> <span class='ocrx_word' id='word_1_46' title='bbox 754 705 790 765; x_wconf 91' lang='lat' dir='ltr'><strong>ab</strong></span> <span class='ocrx_word' id='word_1_47' title='bbox 815 705 880 788; x_wconf 93' lang='lat' dir='ltr'><strong>illo,</strong></span> <span class='ocrx_word' id='word_1_48' title='bbox 908 700 939 766; x_wconf 80' lang='lat' dir='ltr'><strong>el</strong></span> <span class='ocrx_word' id='word_1_49' title='bbox 960 718 1050 767; x_wconf 90' lang='lat' dir='ltr'><strong>sanus</strong></span> <span class='ocrx_word' id='word_1_50' title='bbox 1079 709 1144 766; x_wconf 87' lang='lat' dir='ltr'><strong>erit.</strong></span> <span class='ocrx_word' id='word_1_51' title='bbox 1172 725 1175 762; x_wconf 73' lang='grc' dir='ltr'><em>ε</em></span> 
     </span>
     <span class='ocr_line' id='line_1_7' title="bbox 125 792 1143 873; baseline 0.002 -20"><span class='ocrx_word' id='word_1_52' title='bbox 125 811 195 853; x_wconf 92' lang='lat' dir='ltr'><strong>nam</strong></span> <span class='ocrx_word' id='word_1_53' title='bbox 218 795 271 872; x_wconf 88' lang='lat' dir='ltr'><strong>qui</strong></span> <span class='ocrx_word' id='word_1_54' title='bbox 294 792 462 872; x_wconf 87' lang='lat' dir='ltr'><strong>epulatione</strong></span> <span class='ocrx_word' id='word_1_55' title='bbox 486 811 559 854; x_wconf 92' lang='lat' dir='ltr'><strong>usus</strong></span> <span class='ocrx_word' id='word_1_56' title='bbox 582 795 674 854; x_wconf 89' lang='lat' dir='ltr'><strong>fuerit</strong></span> <span class='ocrx_word' id='word_1_57' title='bbox 695 797 795 873; x_wconf 89' lang='lat' dir='ltr'><strong>etqui</strong></span> <span class='ocrx_word' id='word_1_58' title='bbox 818 797 956 855; x_wconf 90' lang='lat' dir='ltr'><strong>servierit</strong></span> <span class='ocrx_word' id='word_1_59' title='bbox 977 797 1006 854; x_wconf 88' lang='lat' dir='ltr'><strong>ei</strong></span> <span class='ocrx_word' id='word_1_60' title='bbox 1025 797 1077 873; x_wconf 89' lang='lat' dir='ltr'><strong>qui</strong></span> <span class='ocrx_word' id='word_1_61' title='bbox 1096 795 1143 855; x_wconf 89' lang='lat' dir='ltr'><strong>lue</strong></span> 
     </span>
     <span class='ocr_line' id='line_1_8' title="bbox 126 884 706 962; baseline 0 -20"><span class='ocrx_word' id='word_1_62' title='bbox 126 889 255 962; x_wconf 86' lang='lat' dir='ltr'><strong>tenetur,</strong></span> <span class='ocrx_word' id='word_1_63' title='bbox 277 899 439 961; x_wconf 87' lang='lat' dir='ltr'><strong>numquam</strong></span> <span class='ocrx_word' id='word_1_64' title='bbox 463 884 566 943; x_wconf 90' lang='lat' dir='ltr'><strong>noceri</strong></span> <span class='ocrx_word' id='word_1_65' title='bbox 588 884 706 960; x_wconf 90' lang='lat' dir='ltr'><strong>poterit.</strong></span> 
     </span>
    </p>

    <p class='ocr_par' dir='ltr' id='par_1_4' title="bbox 69 966 1175 1227">
     <span class='ocr_line' id='line_1_9' title="bbox 69 966 1144 1049; baseline 0 -19"><span class='ocrx_word' id='word_1_66' title='bbox 69 966 113 1030; x_wconf 92' lang='lat'><strong>11</strong></span> <span class='ocrx_word' id='word_1_67' title='bbox 216 969 461 1030; x_wconf 74' lang='lat' dir='ltr'><strong>chalasticum</strong></span> <span class='ocrx_word' id='word_1_68' title='bbox 498 970 590 1049; x_wconf 90' lang='lat' dir='ltr'><strong>quod</strong></span> <span class='ocrx_word' id='word_1_69' title='bbox 632 971 795 1031; x_wconf 85' lang='lat' dir='ltr'><strong>ostendit</strong></span> <span class='ocrx_word' id='word_1_70' title='bbox 827 971 1061 1031; x_wconf 91' lang='lat' dir='ltr'><strong>Vindicianus</strong></span> <span class='ocrx_word' id='word_1_71' title='bbox 1097 974 1144 1031; x_wconf 90' lang='lat' dir='ltr'><strong>vir</strong></span> 
     </span>
     <span class='ocr_line' id='line_1_10' title="bbox 123 1058 1144 1138; baseline 0 -19"><span class='ocrx_word' id='word_1_72' title='bbox 123 1059 319 1119; x_wconf 89' lang='lat' dir='ltr'><strong>clarissimus.</strong></span> <span class='ocrx_word' id='word_1_73' title='bbox 351 1058 564 1138; x_wconf 90' lang='lat' dir='ltr'><strong>imponendum</strong></span> <span class='ocrx_word' id='word_1_74' title='bbox 592 1061 624 1118; x_wconf 91' lang='lat' dir='ltr'><strong>in</strong></span> <span class='ocrx_word' id='word_1_75' title='bbox 651 1058 730 1120; x_wconf 88' lang='lat' dir='ltr'><strong>aluta</strong></span> <span class='ocrx_word' id='word_1_76' title='bbox 762 1059 889 1138; x_wconf 87' lang='lat' dir='ltr'><strong>pedibus</strong></span> <span class='ocrx_word' id='word_1_77' title='bbox 917 1058 1085 1118; x_wconf 88' lang='lat' dir='ltr'><strong>dolentibus</strong></span> <span class='ocrx_word' id='word_1_78' title='bbox 1114 1067 1144 1119; x_wconf 88' lang='lat' dir='ltr'><strong>et</strong></span> 
     </span>
     <span class='ocr_line' id='line_1_11' title="bbox 123 1147 1175 1227; baseline -0.004 -19"><span class='ocrx_word' id='word_1_79' title='bbox 123 1147 278 1227; x_wconf 89' lang='lat' dir='ltr'><strong>ligandum</strong></span> <span class='ocrx_word' id='word_1_80' title='bbox 300 1147 432 1227; x_wconf 84' lang='lat' dir='ltr'><strong>fasciola,</strong></span> <span class='ocrx_word' id='word_1_81' title='bbox 454 1154 484 1207; x_wconf 92' lang='lat' dir='ltr'><strong>et</strong></span> <span class='ocrx_word' id='word_1_82' title='bbox 507 1147 635 1226; x_wconf 90' lang='lat' dir='ltr'><strong>desuper</strong></span> <span class='ocrx_word' id='word_1_83' title='bbox 653 1148 767 1208; x_wconf 91' lang='lat' dir='ltr'><strong>udones</strong></span> <span class='ocrx_word' id='word_1_84' title='bbox 786 1147 937 1209; x_wconf 89' lang='lat' dir='ltr'><strong>induendi.</strong></span> <span class='ocrx_word' id='word_1_85' title='bbox 961 1166 1046 1208; x_wconf 91' lang='lat' dir='ltr'><strong>cerae</strong></span> <span class='ocrx_word' id='word_1_86' title='bbox 1069 1166 1142 1225; x_wconf 91' lang='lat' dir='ltr'><strong>pon·</strong></span> <span class='ocrx_word' id='word_1_87' title='bbox 1158 1167 1175 1204; x_wconf 79' lang='lat' dir='ltr'><strong>u</strong></span> 
     </span>
    </p>
   </div>
   <div class='ocr_carea' id='block_1_3' title="bbox 123 1243 1143 1353">
    <p class='ocr_par' dir='ltr' id='par_1_5' title="bbox 123 1243 1143 1353">
     <span class='ocr_line' id='line_1_12' title="bbox 123 1243 1143 1353; baseline -0.001 -21"><span class='ocrx_word' id='word_1_88' title='bbox 123 1275 200 1332; x_wconf 89' lang='lat' dir='ltr'><strong>ticae</strong></span> <span class='ocrx_word' id='word_1_89' title='bbox 225 1269 286 1332; x_wconf 73' lang='lat' dir='ltr'><strong>unc</strong></span> <span class='ocrx_word' id='word_1_90' title='bbox 302 1269 325 1353; x_wconf 93' lang='lat' dir='ltr'><strong>l,</strong></span> <span class='ocrx_word' id='word_1_91' title='bbox 348 1273 466 1331; x_wconf 89' lang='lat' dir='ltr'><strong>resinae</strong></span> <span class='ocrx_word' id='word_1_92' title='bbox 490 1271 583 1331; x_wconf 80' lang='lat' dir='ltr'><strong>frixae</strong></span> <span class='ocrx_word' id='word_1_93' title='bbox 607 1243 668 1352; x_wconf 72' lang='lat'><strong>131,</strong></span> <span class='ocrx_word' id='word_1_94' title='bbox 691 1273 808 1332; x_wconf 91' lang='lat' dir='ltr'><strong>resinae</strong></span> <span class='ocrx_word' id='word_1_95' title='bbox 832 1271 1048 1332; x_wconf 87' lang='lat' dir='ltr'><strong>terebinthinae</strong></span> <span class='ocrx_word' id='word_1_96' title='bbox 1068 1287 1103 1334; x_wconf 90' lang='lat'>÷</span> <span class='ocrx_word' id='word_1_97' title='bbox 1121 1271 1143 1353; x_wconf 96' lang='lat' dir='ltr'><strong>l,</strong></span> 
     </span>
    </p>
   </div>
   <div class='ocr_carea' id='block_1_4' title="bbox 123 1359 1144 1441">
    <p class='ocr_par' dir='ltr' id='par_1_6' title="bbox 123 1359 1144 1441">
     <span class='ocr_line' id='line_1_13' title="bbox 123 1359 1144 1441; baseline -0.001 -20"><span class='ocrx_word' id='word_1_98' title='bbox 123 1362 270 1439; x_wconf 80' lang='lat' dir='ltr'><strong>axungiae</strong></span> <span class='ocrx_word' id='word_1_99' title='bbox 293 1361 433 1438; x_wconf 79' lang='lat' dir='ltr'><strong>porcinae</strong></span> <span class='ocrx_word' id='word_1_100' title='bbox 457 1362 522 1420; x_wconf 90' lang='lat' dir='ltr'><strong>sine</strong></span> <span class='ocrx_word' id='word_1_101' title='bbox 546 1359 606 1420; x_wconf 92' lang='lat' dir='ltr'><strong>sale</strong></span> <span class='ocrx_word' id='word_1_102' title='bbox 635 1359 671 1420; x_wconf 91' lang='lat' dir='ltr'><strong>de</strong></span> <span class='ocrx_word' id='word_1_103' title='bbox 699 1360 823 1439; x_wconf 90' lang='lat' dir='ltr'><strong>porcilla</strong></span> <span class='ocrx_word' id='word_1_104' title='bbox 851 1362 979 1441; x_wconf 88' lang='lat' dir='ltr'><strong>virgine,</strong></span> <span class='ocrx_word' id='word_1_105' title='bbox 1005 1362 1144 1420; x_wconf 89' lang='lat' dir='ltr'><strong>etiamsi</strong></span> 
     </span>
    </p>
   </div>
   <div class='ocr_carea' id='block_1_5' title="bbox 69 1454 1175 2978">
    <p class='ocr_par' dir='ltr' id='par_1_7' title="bbox 123 1454 1175 1722">
     <span class='ocr_line' id='line_1_14' title="bbox 123 1454 1143 1565; baseline 0.001 -21"><span class='ocrx_word' id='word_1_106' title='bbox 123 1485 159 1544; x_wconf 92' lang='lat' dir='ltr'><strong>de</strong></span> <span class='ocrx_word' id='word_1_107' title='bbox 178 1482 326 1563; x_wconf 90' lang='lat' dir='ltr'><strong>pluribus,</strong></span> <span class='ocrx_word' id='word_1_108' title='bbox 349 1454 369 1562; x_wconf 64' lang='lat' dir='ltr'><strong>fl</strong></span> <span class='ocrx_word' id='word_1_109' title='bbox 387 1483 408 1543; x_wconf 93' lang='lat'><strong>1.</strong></span> <span class='ocrx_word' id='word_1_110' title='bbox 432 1484 619 1544; x_wconf 89' lang='lat' dir='ltr'><strong>haecomnia</strong></span> <span class='ocrx_word' id='word_1_111' title='bbox 637 1483 792 1545; x_wconf 91' lang='lat' dir='ltr'><strong>incacabo</strong></span> <span class='ocrx_word' id='word_1_112' title='bbox 812 1484 911 1565; x_wconf 91' lang='lat' dir='ltr'><strong>solvis,</strong></span> <span class='ocrx_word' id='word_1_113' title='bbox 929 1486 1023 1544; x_wconf 91' lang='lat' dir='ltr'><strong>mittis</strong></span> <span class='ocrx_word' id='word_1_114' title='bbox 1040 1493 1143 1563; x_wconf 90' lang='lat' dir='ltr'><strong>postea</strong></span> 
     </span>
     <span class='ocr_line' id='line_1_15' title="bbox 123 1571 1143 1654; baseline -0.001 -21"><span class='ocrx_word' id='word_1_115' title='bbox 123 1591 233 1653; x_wconf 90' lang='lat' dir='ltr'><strong>ceram,</strong></span> <span class='ocrx_word' id='word_1_116' title='bbox 257 1579 287 1632; x_wconf 91' lang='lat' dir='ltr'><strong>et</strong></span> <span class='ocrx_word' id='word_1_117' title='bbox 310 1571 440 1651; x_wconf 89' lang='lat' dir='ltr'><strong>desuper</strong></span> <span class='ocrx_word' id='word_1_118' title='bbox 462 1575 535 1632; x_wconf 89' lang='lat' dir='ltr'><strong>nitri</strong></span> <span class='ocrx_word' id='word_1_119' title='bbox 553 1572 738 1634; x_wconf 84' lang='lat' dir='ltr'><strong>alexandrini</strong></span> <span class='ocrx_word' id='word_1_120' title='bbox 756 1572 832 1632; x_wconf 92' lang='lat' dir='ltr'><strong>bene</strong></span> <span class='ocrx_word' id='word_1_121' title='bbox 856 1574 920 1633; x_wconf 88' lang='lat' dir='ltr'><strong>triti</strong></span> <span class='ocrx_word' id='word_1_122' title='bbox 934 1571 1010 1654; x_wconf 85' lang='lat'><strong>&#39;÷1,</strong></span> <span class='ocrx_word' id='word_1_123' title='bbox 1034 1582 1064 1647; x_wconf 91' lang='lat' dir='ltr'><strong>et</strong></span> <span class='ocrx_word' id='word_1_124' title='bbox 1083 1575 1143 1652; x_wconf 89' lang='lat' dir='ltr'><strong>agi-</strong></span> 
     </span>
     <span class='ocr_line' id='line_1_16' title="bbox 123 1660 1175 1722; baseline -0.005 0"><span class='ocrx_word' id='word_1_125' title='bbox 123 1661 215 1722; x_wconf 90' lang='lat' dir='ltr'><strong>tando</strong></span> <span class='ocrx_word' id='word_1_126' title='bbox 239 1662 424 1721; x_wconf 83' lang='lat' dir='ltr'><strong>commisces.</strong></span> <span class='ocrx_word' id='word_1_127' title='bbox 449 1660 581 1721; x_wconf 90' lang='lat' dir='ltr'><strong>servabis</strong></span> <span class='ocrx_word' id='word_1_128' title='bbox 604 1663 637 1721; x_wconf 93' lang='lat' dir='ltr'><strong>in</strong></span> <span class='ocrx_word' id='word_1_129' title='bbox 659 1661 751 1721; x_wconf 89' lang='lat' dir='ltr'><strong>fictili.</strong></span> <span class='ocrx_word' id='word_1_130' title='bbox 1154 1680 1175 1718; x_wconf 76' lang='grc' dir='ltr'><strong>ιε</strong></span> 
     </span>
    </p>

    <p class='ocr_par' dir='ltr' id='par_1_8' title="bbox 69 1746 1142 2075">
     <span class='ocr_line' id='line_1_17' title="bbox 69 1746 1142 1830; baseline -0.001 -21"><span class='ocrx_word' id='word_1_131' title='bbox 69 1746 114 1810; x_wconf 84' lang='grc'><strong>12</strong></span> <span class='ocrx_word' id='word_1_132' title='bbox 214 1749 264 1810; x_wconf 80' lang='lat' dir='ltr'><strong>dd</strong></span> <span class='ocrx_word' id='word_1_133' title='bbox 285 1748 570 1830; x_wconf 88' lang='lat' dir='ltr'><strong>hemitritaeum,</strong></span> <span class='ocrx_word' id='word_1_134' title='bbox 593 1750 672 1810; x_wconf 90' lang='lat' dir='ltr'><strong>unde</strong></span> <span class='ocrx_word' id='word_1_135' title='bbox 696 1751 771 1810; x_wconf 88' lang='lat' dir='ltr'><strong>fiunt</strong></span> <span class='ocrx_word' id='word_1_136' title='bbox 794 1749 921 1809; x_wconf 89' lang='lat' dir='ltr'><strong>cardiaci</strong></span> <span class='ocrx_word' id='word_1_137' title='bbox 944 1757 974 1808; x_wconf 89' lang='lat' dir='ltr'><strong>et</strong></span> <span class='ocrx_word' id='word_1_138' title='bbox 1003 1750 1142 1809; x_wconf 89' lang='lat' dir='ltr'><strong>irenitici.</strong></span> 
     </span>
     <span class='ocr_line' id='line_1_18' title="bbox 124 1836 1142 1919; baseline -0.002 -22"><span class='ocrx_word' id='word_1_139' title='bbox 124 1837 201 1899; x_wconf 91' lang='lat' dir='ltr'><strong>mala</strong></span> <span class='ocrx_word' id='word_1_140' title='bbox 224 1837 351 1916; x_wconf 76' lang='lat' dir='ltr'><strong>cydonia</strong></span> <span class='ocrx_word' id='word_1_141' title='bbox 374 1839 452 1898; x_wconf 89' lang='lat' dir='ltr'><strong>sicca</strong></span> <span class='ocrx_word' id='word_1_142' title='bbox 475 1840 546 1898; x_wconf 91' lang='lat' dir='ltr'><strong>trita</strong></span> <span class='ocrx_word' id='word_1_143' title='bbox 569 1837 672 1919; x_wconf 88' lang='lat' dir='ltr'><strong>lavato,</strong></span> <span class='ocrx_word' id='word_1_144' title='bbox 696 1845 726 1898; x_wconf 92' lang='lat' dir='ltr'><strong>et</strong></span> <span class='ocrx_word' id='word_1_145' title='bbox 748 1840 848 1898; x_wconf 89' lang='lat' dir='ltr'><strong>mittes</strong></span> <span class='ocrx_word' id='word_1_146' title='bbox 871 1840 904 1897; x_wconf 92' lang='lat' dir='ltr'><strong>in</strong></span> <span class='ocrx_word' id='word_1_147' title='bbox 927 1836 1014 1896; x_wconf 91' lang='lat' dir='ltr'><strong>ollam</strong></span> <span class='ocrx_word' id='word_1_148' title='bbox 1037 1855 1142 1896; x_wconf 92' lang='lat' dir='ltr'><strong>novam</strong></span> 
     </span>
     <span class='ocr_line' id='line_1_19' title="bbox 124 1924 1141 2008; baseline -0.003 -22"><span class='ocrx_word' id='word_1_149' title='bbox 124 1944 232 2006; x_wconf 87' lang='lat' dir='ltr'><strong>aquam</strong></span> <span class='ocrx_word' id='word_1_150' title='bbox 264 1925 429 2007; x_wconf 81' lang='lat' dir='ltr'><strong>fontanam,</strong></span> <span class='ocrx_word' id='word_1_151' title='bbox 462 1932 492 1985; x_wconf 90' lang='lat' dir='ltr'><strong>et</strong></span> <span class='ocrx_word' id='word_1_152' title='bbox 523 1926 687 2008; x_wconf 90' lang='lat' dir='ltr'><strong>decoques,</strong></span> <span class='ocrx_word' id='word_1_153' title='bbox 719 1933 749 1986; x_wconf 91' lang='lat' dir='ltr'><strong>et</strong></span> <span class='ocrx_word' id='word_1_154' title='bbox 777 1928 873 2005; x_wconf 90' lang='lat' dir='ltr'><strong>ipsam</strong></span> <span class='ocrx_word' id='word_1_155' title='bbox 901 1943 1007 2002; x_wconf 87' lang='lat' dir='ltr'><strong>aquam</strong></span> <span class='ocrx_word' id='word_1_156' title='bbox 1038 1924 1141 1984; x_wconf 88' lang='lat' dir='ltr'><strong>bibere</strong></span> 
     </span>
     <span class='ocr_line' id='line_1_20' title="bbox 124 2015 218 2075; baseline 0.011 -1"><span class='ocrx_word' id='word_1_157' title='bbox 124 2015 218 2075; x_wconf 82' lang='lat' dir='ltr'><strong>dabis</strong></span> 
     </span>
    </p>

    <p class='ocr_par' dir='ltr' id='par_1_9' title="bbox 71 2099 1175 2783">
     <span class='ocr_line' id='line_1_21' title="bbox 71 2099 1175 2182; baseline -0.004 -20"><span class='ocrx_word' id='word_1_158' title='bbox 71 2099 114 2164; x_wconf 88' lang='grc'><strong>13</strong></span> <span class='ocrx_word' id='word_1_159' title='bbox 215 2103 425 2162; x_wconf 75' lang='lat' dir='ltr'><strong>Antidotum</strong></span> <span class='ocrx_word' id='word_1_160' title='bbox 448 2102 610 2164; x_wconf 92' lang='lat' dir='ltr'><strong>diorobu.</strong></span> <span class='ocrx_word' id='word_1_161' title='bbox 638 2103 708 2164; x_wconf 87' lang='lat' dir='ltr'><strong>lacit</strong></span> <span class='ocrx_word' id='word_1_162' title='bbox 735 2103 771 2164; x_wconf 92' lang='lat' dir='ltr'><strong>ad</strong></span> <span class='ocrx_word' id='word_1_163' title='bbox 798 2105 929 2182; x_wconf 90' lang='lat' dir='ltr'><strong>pectoris</strong></span> <span class='ocrx_word' id='word_1_164' title='bbox 956 2100 1090 2161; x_wconf 90' lang='lat' dir='ltr'><strong>dolorem</strong></span> <span class='ocrx_word' id='word_1_165' title='bbox 1113 2109 1175 2160; x_wconf 75' lang='lat' dir='ltr'><strong>eta</strong></span> 
     </span>
     <span class='ocr_line' id='line_1_22' title="bbox 126 2191 1142 2272; baseline -0.003 -21"><span class='ocrx_word' id='word_1_166' title='bbox 126 2191 272 2252; x_wconf 90' lang='lat' dir='ltr'><strong>stomachi</strong></span> <span class='ocrx_word' id='word_1_167' title='bbox 300 2199 330 2250; x_wconf 90' lang='lat' dir='ltr'><strong>et</strong></span> <span class='ocrx_word' id='word_1_168' title='bbox 357 2193 512 2271; x_wconf 91' lang='lat' dir='ltr'><strong>iocineris,</strong></span> <span class='ocrx_word' id='word_1_169' title='bbox 544 2191 670 2271; x_wconf 89' lang='lat' dir='ltr'><strong>splenis,</strong></span> <span class='ocrx_word' id='word_1_170' title='bbox 701 2194 831 2272; x_wconf 90' lang='lat' dir='ltr'><strong>vesicae,</strong></span> <span class='ocrx_word' id='word_1_171' title='bbox 858 2191 894 2250; x_wconf 92' lang='lat' dir='ltr'><strong>ad</strong></span> <span class='ocrx_word' id='word_1_172' title='bbox 921 2191 1142 2268; x_wconf 80' lang='lat' dir='ltr'><strong>haemoptyicos</strong></span> 
     </span>
     <span class='ocr_line' id='line_1_23' title="bbox 124 2275 1141 2360; baseline -0.004 -20"><span class='ocrx_word' id='word_1_173' title='bbox 124 2279 177 2358; x_wconf 88' lang='lat' dir='ltr'><strong>&lt;id</strong></span> <span class='ocrx_word' id='word_1_174' title='bbox 206 2275 276 2360; x_wconf 89' lang='lat' dir='ltr'><strong>est&gt;</strong></span> <span class='ocrx_word' id='word_1_175' title='bbox 309 2281 360 2357; x_wconf 86' lang='lat' dir='ltr'><strong>qui</strong></span> <span class='ocrx_word' id='word_1_176' title='bbox 388 2281 562 2357; x_wconf 89' lang='lat' dir='ltr'><strong>sanguinem</strong></span> <span class='ocrx_word' id='word_1_177' title='bbox 593 2288 716 2340; x_wconf 87' lang='lat' dir='ltr'><strong>vomunt</strong></span> <span class='ocrx_word' id='word_1_178' title='bbox 746 2279 793 2339; x_wconf 89' lang='lat' dir='ltr'><strong>vel</strong></span> <span class='ocrx_word' id='word_1_179' title='bbox 825 2286 971 2358; x_wconf 88' lang='lat' dir='ltr'><strong>expuunt,</strong></span> <span class='ocrx_word' id='word_1_180' title='bbox 1002 2279 1038 2337; x_wconf 92' lang='lat' dir='ltr'><strong>ad</strong></span> <span class='ocrx_word' id='word_1_181' title='bbox 1065 2279 1141 2337; x_wconf 90' lang='lat' dir='ltr'><strong>indi-</strong></span> 
     </span>
     <span class='ocr_line' id='line_1_24' title="bbox 125 2367 1141 2449; baseline -0.004 -20"><span class='ocrx_word' id='word_1_182' title='bbox 125 2369 308 2448; x_wconf 83' lang='lat' dir='ltr'><strong>gestionem,</strong></span> <span class='ocrx_word' id='word_1_183' title='bbox 339 2367 523 2428; x_wconf 88' lang='lat' dir='ltr'><strong>inflationem</strong></span> <span class='ocrx_word' id='word_1_184' title='bbox 556 2368 713 2449; x_wconf 88' lang='lat' dir='ltr'><strong>stomachi,</strong></span> <span class='ocrx_word' id='word_1_185' title='bbox 749 2371 856 2428; x_wconf 92' lang='lat' dir='ltr'><strong>tussim</strong></span> <span class='ocrx_word' id='word_1_186' title='bbox 889 2370 1011 2447; x_wconf 92' lang='lat' dir='ltr'><strong>siccam,</strong></span> <span class='ocrx_word' id='word_1_187' title='bbox 1044 2374 1076 2426; x_wconf 87' lang='lat' dir='ltr'><strong>et</strong></span> <span class='ocrx_word' id='word_1_188' title='bbox 1105 2367 1141 2426; x_wconf 91' lang='lat' dir='ltr'><strong>ad</strong></span> 
     </span>
     <span class='ocr_line' id='line_1_25' title="bbox 123 2457 1141 2536; baseline -0.005 -17"><span class='ocrx_word' id='word_1_189' title='bbox 123 2459 235 2519; x_wconf 87' lang='lat' dir='ltr'><strong>tussim</strong></span> <span class='ocrx_word' id='word_1_190' title='bbox 263 2458 457 2536; x_wconf 82' lang='lat' dir='ltr'><strong>suspiriosam</strong></span> <span class='ocrx_word' id='word_1_191' title='bbox 479 2457 510 2516; x_wconf 94' lang='lat' dir='ltr'><strong>id</strong></span> <span class='ocrx_word' id='word_1_192' title='bbox 534 2465 579 2516; x_wconf 92' lang='lat' dir='ltr'><strong>est</strong></span> <span class='ocrx_word' id='word_1_193' title='bbox 607 2460 660 2536; x_wconf 87' lang='lat' dir='ltr'><strong>qui</strong></span> <span class='ocrx_word' id='word_1_194' title='bbox 687 2458 804 2517; x_wconf 86' lang='lat' dir='ltr'><strong>fortiter</strong></span> <span class='ocrx_word' id='word_1_195' title='bbox 832 2459 990 2536; x_wconf 85' lang='lat' dir='ltr'><strong>suspirant.</strong></span> <span class='ocrx_word' id='word_1_196' title='bbox 1021 2457 1141 2516; x_wconf 91' lang='lat' dir='ltr'><strong>nausiae</strong></span> 
     </span>
     <span class='ocr_line' id='line_1_26' title="bbox 123 2544 1175 2626; baseline -0.003 -19"><span class='ocrx_word' id='word_1_197' title='bbox 123 2546 250 2626; x_wconf 86' lang='lat' dir='ltr'><strong>prodest</strong></span> <span class='ocrx_word' id='word_1_198' title='bbox 273 2551 304 2604; x_wconf 90' lang='lat' dir='ltr'><strong>et</strong></span> <span class='ocrx_word' id='word_1_199' title='bbox 331 2544 430 2605; x_wconf 89' lang='lat' dir='ltr'><strong>salivis</strong></span> <span class='ocrx_word' id='word_1_200' title='bbox 458 2544 684 2607; x_wconf 81' lang='lat' dir='ltr'><strong>abundantibus</strong></span> <span class='ocrx_word' id='word_1_201' title='bbox 713 2548 744 2606; x_wconf 89' lang='lat' dir='ltr'><strong>in</strong></span> <span class='ocrx_word' id='word_1_202' title='bbox 771 2547 819 2606; x_wconf 92' lang='lat' dir='ltr'><strong>his</strong></span> <span class='ocrx_word' id='word_1_203' title='bbox 842 2548 1052 2607; x_wconf 89' lang='lat' dir='ltr'><strong>necessitatum</strong></span> <span class='ocrx_word' id='word_1_204' title='bbox 1076 2546 1141 2605; x_wconf 89' lang='lat' dir='ltr'><strong>uni-</strong></span> <span class='ocrx_word' id='word_1_205' title='bbox 1155 2560 1175 2600; x_wconf 79' lang='lat' dir='ltr'><strong>n</strong></span> 
     </span>
     <span class='ocr_line' id='line_1_27' title="bbox 124 2632 1142 2713; baseline -0.001 -20"><span class='ocrx_word' id='word_1_206' title='bbox 124 2636 222 2695; x_wconf 87' lang='lat' dir='ltr'><strong>versis</strong></span> <span class='ocrx_word' id='word_1_207' title='bbox 255 2632 408 2693; x_wconf 87' lang='lat' dir='ltr'><strong>doloribus</strong></span> <span class='ocrx_word' id='word_1_208' title='bbox 441 2633 574 2694; x_wconf 90' lang='lat' dir='ltr'><strong>cocleare</strong></span> <span class='ocrx_word' id='word_1_209' title='bbox 604 2634 726 2713; x_wconf 88' lang='lat' dir='ltr'><strong>plenum</strong></span> <span class='ocrx_word' id='word_1_210' title='bbox 753 2637 871 2696; x_wconf 89' lang='lat' dir='ltr'><strong>ieiunus</strong></span> <span class='ocrx_word' id='word_1_211' title='bbox 899 2635 1057 2695; x_wconf 89' lang='lat' dir='ltr'><strong>manducet</strong></span> <span class='ocrx_word' id='word_1_212' title='bbox 1088 2652 1142 2712; x_wconf 94' lang='lat' dir='ltr'><strong>per</strong></span> 
     </span>
     <span class='ocr_line' id='line_1_28' title="bbox 124 2721 615 2783; baseline 0 0"><span class='ocrx_word' id='word_1_213' title='bbox 124 2724 270 2783; x_wconf 88' lang='lat' dir='ltr'><strong>triduum.</strong></span> <span class='ocrx_word' id='word_1_214' title='bbox 294 2724 406 2782; x_wconf 90' lang='lat' dir='ltr'><strong>senties</strong></span> <span class='ocrx_word' id='word_1_215' title='bbox 428 2721 615 2783; x_wconf 87' lang='lat' dir='ltr'><strong>heneficium.</strong></span> 
     </span>
    </p>

    <p class='ocr_par' dir='ltr' id='par_1_10' title="bbox 216 2811 1141 2892">
     <span class='ocr_line' id='line_1_29' title="bbox 216 2811 1141 2892; baseline -0.001 -23"><span class='ocrx_word' id='word_1_216' title='bbox 216 2811 304 2870; x_wconf 92' lang='lat' dir='ltr'><strong>cuius</strong></span> <span class='ocrx_word' id='word_1_217' title='bbox 323 2813 498 2889; x_wconf 88' lang='lat' dir='ltr'><strong>compositio</strong></span> <span class='ocrx_word' id='word_1_218' title='bbox 521 2811 589 2871; x_wconf 87' lang='lat' dir='ltr'><strong>talis</strong></span> <span class='ocrx_word' id='word_1_219' title='bbox 608 2819 661 2872; x_wconf 90' lang='lat' dir='ltr'><strong>est.</strong></span> <span class='ocrx_word' id='word_1_220' title='bbox 680 2814 830 2892; x_wconf 90' lang='lat' dir='ltr'><strong>mastices,</strong></span> <span class='ocrx_word' id='word_1_221' title='bbox 852 2811 1027 2890; x_wconf 92' lang='lat' dir='ltr'><strong>petroselini</strong></span> <span class='ocrx_word' id='word_1_222' title='bbox 1044 2828 1141 2869; x_wconf 89' lang='lat' dir='ltr'><strong>mace-</strong></span> 
     </span>
    </p>

    <p class='ocr_par' dir='ltr' id='par_1_11' title="bbox 123 2898 1141 2978">
     <span class='ocr_line' id='line_1_30' title="bbox 123 2898 1141 2978; baseline -0.006 -18"><span class='ocrx_word' id='word_1_223' title='bbox 123 2900 241 2978; x_wconf 92' lang='lat' dir='ltr'><strong>donici,</strong></span> <span class='ocrx_word' id='word_1_224' title='bbox 264 2901 435 2977; x_wconf 79' lang='lat' dir='ltr'><strong>oxypiperis</strong></span> <span class='ocrx_word' id='word_1_225' title='bbox 458 2899 537 2977; x_wconf 91' lang='lat' dir='ltr'><strong>quod</strong></span> <span class='ocrx_word' id='word_1_226' title='bbox 560 2902 592 2959; x_wconf 90' lang='lat' dir='ltr'><strong>in</strong></span> <span class='ocrx_word' id='word_1_227' title='bbox 614 2919 671 2961; x_wconf 91' lang='lat' dir='ltr'><strong>usu</strong></span> <span class='ocrx_word' id='word_1_228' title='bbox 696 2908 742 2961; x_wconf 90' lang='lat' dir='ltr'><strong>est</strong></span> <span class='ocrx_word' id='word_1_229' title='bbox 768 2902 872 2960; x_wconf 91' lang='lat' dir='ltr'><strong>unciae</strong></span> <span class='ocrx_word' id='word_1_230' title='bbox 897 2898 1042 2977; x_wconf 84' lang='lat' dir='ltr'><strong>singulae,</strong></span> <span class='ocrx_word' id='word_1_231' title='bbox 1070 2900 1141 2955; x_wconf 89' lang='lat' dir='ltr'><strong>item</strong></span> 
     </span>
    </p>
   </div>
   <div class='ocr_carea' id='block_1_6' title="bbox 125 3048 1143 3618">
    <p class='ocr_par' dir='ltr' id='par_1_12' title="bbox 125 3048 1141 3338">
     <span class='ocr_line' id='line_1_31' title="bbox 196 3048 1140 3122; baseline -0.006 -18"><span class='ocrx_word' id='word_1_232' title='bbox 196 3056 214 3104; x_wconf 98' lang='grc'>2</span> <span class='ocrx_word' id='word_1_233' title='bbox 233 3051 343 3117; x_wconf 79' lang='lat' dir='ltr'><strong>quanta</strong></span> <span class='ocrx_word' id='word_1_234' title='bbox 362 3052 424 3120; x_wconf 80' lang='lat' dir='ltr'><strong>(sie)</strong></span> <span class='ocrx_word' id='word_1_235' title='bbox 442 3051 471 3105; x_wconf 88' lang='grc' dir='ltr'><strong><em>Β</em></strong></span> <span class='ocrx_word' id='word_1_236' title='bbox 490 3054 570 3120; x_wconf 87' lang='lat' dir='ltr'><strong>(quot</strong></span> <span class='ocrx_word' id='word_1_237' title='bbox 587 3055 647 3122; x_wconf 75' lang='lat' dir='ltr'><strong>ed).</strong></span> <span class='ocrx_word' id='word_1_238' title='bbox 703 3057 719 3104; x_wconf 87' lang='lat'><strong>3</strong></span> <span class='ocrx_word' id='word_1_239' title='bbox 739 3052 841 3119; x_wconf 85' lang='lat' dir='ltr'><strong>stagno</strong></span> <span class='ocrx_word' id='word_1_240' title='bbox 858 3051 921 3116; x_wconf 79' lang='lat' dir='ltr'><strong>(sie)</strong></span> <span class='ocrx_word' id='word_1_241' title='bbox 938 3050 966 3103; x_wconf 93' lang='grc' dir='ltr'><strong><em>Β</em></strong></span> <span class='ocrx_word' id='word_1_242' title='bbox 985 3049 1063 3115; x_wconf 81' lang='lat' dir='ltr'><strong>(corr.</strong></span> <span class='ocrx_word' id='word_1_243' title='bbox 1079 3048 1140 3104; x_wconf 70' lang='lat' dir='ltr'><strong>edo.</strong></span> 
     </span>
     <span class='ocr_line' id='line_1_32' title="bbox 125 3117 1140 3192; baseline -0.006 -17"><span class='ocrx_word' id='word_1_244' title='bbox 125 3127 140 3174; x_wconf 83' lang='grc'><strong>6</strong></span> <span class='ocrx_word' id='word_1_245' title='bbox 159 3121 237 3175; x_wconf 76' lang='lat' dir='ltr'><strong>Nam</strong></span> <span class='ocrx_word' id='word_1_246' title='bbox 254 3121 319 3187; x_wconf 80' lang='lat' dir='ltr'><strong>(cic)</strong></span> <span class='ocrx_word' id='word_1_247' title='bbox 334 3121 362 3175; x_wconf 92' lang='lat' dir='ltr'><strong><em>B</em></strong></span> <span class='ocrx_word' id='word_1_248' title='bbox 377 3120 442 3190; x_wconf 83' lang='lat' dir='ltr'><strong>(Sed</strong></span> <span class='ocrx_word' id='word_1_249' title='bbox 461 3125 491 3176; x_wconf 90' lang='lat' dir='ltr'><strong>et</strong></span> <span class='ocrx_word' id='word_1_250' title='bbox 508 3125 568 3192; x_wconf 77' lang='lat' dir='ltr'><strong>ed).</strong></span> <span class='ocrx_word' id='word_1_251' title='bbox 641 3130 657 3178; x_wconf 89' lang='lat'><em>8</em></span> <span class='ocrx_word' id='word_1_252' title='bbox 672 3121 858 3176; x_wconf 77' lang='lat' dir='ltr'><strong>vindicianus</strong></span> <span class='ocrx_word' id='word_1_253' title='bbox 875 3123 909 3188; x_wconf 83' lang='lat' dir='ltr'><strong>(e.</strong></span> <span class='ocrx_word' id='word_1_254' title='bbox 924 3119 1039 3173; x_wconf 74' lang='lat' dir='ltr'><strong>Hermes</strong></span> <span class='ocrx_word' id='word_1_255' title='bbox 1058 3117 1140 3183; x_wconf 91' lang='lat' dir='ltr'><strong><em>VIII,</em></strong></span> 
     </span>
     <span class='ocr_line' id='line_1_33' title="bbox 127 3189 1141 3262; baseline -0.008 -15"><span class='ocrx_word' id='word_1_256' title='bbox 127 3196 187 3257; x_wconf 75' lang='grc'>(42.-</span> <span class='ocrx_word' id='word_1_257' title='bbox 206 3190 330 3246; x_wconf 75' lang='lat' dir='ltr'><strong>titianus</strong></span> <span class='ocrx_word' id='word_1_258' title='bbox 344 3193 380 3247; x_wconf 91' lang='grc' dir='ltr'><strong>Β.</strong></span> <span class='ocrx_word' id='word_1_259' title='bbox 454 3198 488 3247; x_wconf 87' lang='grc'><strong>10</strong></span> <span class='ocrx_word' id='word_1_260' title='bbox 506 3193 664 3247; x_wconf 86' lang='lat' dir='ltr'><strong>induendos</strong></span> <span class='ocrx_word' id='word_1_261' title='bbox 682 3194 718 3247; x_wconf 92' lang='lat' dir='ltr'><strong>B.</strong></span> <span class='ocrx_word' id='word_1_262' title='bbox 791 3189 901 3262; x_wconf 70' lang='lat' dir='ltr'><strong>pomice</strong></span> <span class='ocrx_word' id='word_1_263' title='bbox 920 3190 956 3243; x_wconf 94' lang='grc' dir='ltr'><strong>Β.</strong></span> <span class='ocrx_word' id='word_1_264' title='bbox 1030 3193 1063 3240; x_wconf 87' lang='grc'><strong>12</strong></span> <span class='ocrx_word' id='word_1_265' title='bbox 1077 3204 1141 3255; x_wconf 89' lang='lat' dir='ltr'><strong>por-</strong></span> 
     </span>
     <span class='ocr_line' id='line_1_34' title="bbox 126 3258 1140 3338; baseline -0.008 -20"><span class='ocrx_word' id='word_1_266' title='bbox 126 3262 193 3318; x_wconf 83' lang='lat' dir='ltr'><strong>cilia</strong></span> <span class='ocrx_word' id='word_1_267' title='bbox 215 3263 244 3317; x_wconf 88' lang='grc' dir='ltr'><strong><em>Β</em></strong></span> <span class='ocrx_word' id='word_1_268' title='bbox 263 3261 478 3333; x_wconf 63' lang='lat' dir='ltr'><strong>(percelluit.</strong></span> <span class='ocrx_word' id='word_1_269' title='bbox 574 3271 607 3319; x_wconf 78' lang='lat'><strong>16</strong></span> <span class='ocrx_word' id='word_1_270' title='bbox 626 3261 798 3318; x_wconf 87' lang='lat' dir='ltr'><strong>emitriteum</strong></span> <span class='ocrx_word' id='word_1_271' title='bbox 816 3260 851 3314; x_wconf 88' lang='lat' dir='ltr'><strong>B.</strong></span> <span class='ocrx_word' id='word_1_272' title='bbox 942 3258 1086 3338; x_wconf 80' lang='lat' dir='ltr'><strong>chardiaci</strong></span> <span class='ocrx_word' id='word_1_273' title='bbox 1104 3258 1140 3338; x_wconf 83' lang='grc' dir='ltr'><strong>Β.</strong></span> 
     </span>
    </p>

    <p class='ocr_par' dir='ltr' id='par_1_13' title="bbox 125 3330 1143 3618">
     <span class='ocr_line' id='line_1_35' title="bbox 195 3330 1142 3404; baseline -0.007 -16"><span class='ocrx_word' id='word_1_274' title='bbox 195 3332 330 3388; x_wconf 76' lang='lat' dir='ltr'><strong>henotici</strong></span> <span class='ocrx_word' id='word_1_275' title='bbox 348 3333 384 3388; x_wconf 91' lang='grc' dir='ltr'><strong>Β.</strong></span> <span class='ocrx_word' id='word_1_276' title='bbox 447 3340 480 3388; x_wconf 84' lang='grc'><strong>17</strong></span> <span class='ocrx_word' id='word_1_277' title='bbox 499 3334 658 3404; x_wconf 82' lang='lat' dir='ltr'><strong>cytoniaB.</strong></span> <span class='ocrx_word' id='word_1_278' title='bbox 714 3338 748 3385; x_wconf 89' lang='grc'><strong>20</strong></span> <span class='ocrx_word' id='word_1_279' title='bbox 768 3330 916 3386; x_wconf 83' lang='lat' dir='ltr'><strong>diarobmn</strong></span> <span class='ocrx_word' id='word_1_280' title='bbox 929 3331 965 3384; x_wconf 92' lang='lat' dir='ltr'><strong>B.</strong></span> <span class='ocrx_word' id='word_1_281' title='bbox 1021 3335 1142 3383; x_wconf 66' lang='grc'>211001-</span> 
     </span>
     <span class='ocr_line' id='line_1_36' title="bbox 125 3400 1141 3474; baseline -0.005 -16"><span class='ocrx_word' id='word_1_282' title='bbox 125 3404 202 3460; x_wconf 83' lang='lat' dir='ltr'><strong>noris</strong></span> <span class='ocrx_word' id='word_1_283' title='bbox 215 3405 255 3460; x_wconf 93' lang='grc' dir='ltr'><strong>Β.</strong></span> <span class='ocrx_word' id='word_1_284' title='bbox 330 3405 548 3474; x_wconf 87' lang='lat' dir='ltr'><strong>emoptoicosB.</strong></span> <span class='ocrx_word' id='word_1_285' title='bbox 638 3410 672 3458; x_wconf 90' lang='grc'><strong>22</strong></span> <span class='ocrx_word' id='word_1_286' title='bbox 692 3411 755 3459; x_wconf 79' lang='lat' dir='ltr'><strong>onte</strong></span> <span class='ocrx_word' id='word_1_287' title='bbox 773 3402 823 3471; x_wconf 90' lang='lat' dir='ltr'><strong>qui</strong></span> <span class='ocrx_word' id='word_1_288' title='bbox 841 3403 940 3458; x_wconf 77' lang='lat' dir='ltr'><strong>addidi</strong></span> <span class='ocrx_word' id='word_1_289' title='bbox 957 3401 975 3455; x_wconf 90' lang='lat' dir='ltr'><strong>i.</strong></span> <span class='ocrx_word' id='word_1_290' title='bbox 991 3427 1025 3445; x_wconf 96' lang='lat'>=</span> <span class='ocrx_word' id='word_1_291' title='bbox 1040 3400 1070 3453; x_wconf 91' lang='lat' dir='ltr'><strong>id</strong></span> <span class='ocrx_word' id='word_1_292' title='bbox 1090 3401 1141 3454; x_wconf 82' lang='lat' dir='ltr'><strong>esi.</strong></span> 
     </span>
     <span class='ocr_line' id='line_1_37' title="bbox 127 3471 1143 3546; baseline -0.006 -16"><span class='ocrx_word' id='word_1_293' title='bbox 127 3480 158 3530; x_wconf 83' lang='grc'><strong>28</strong></span> <span class='ocrx_word' id='word_1_294' title='bbox 175 3473 328 3531; x_wconf 74' lang='lat' dir='ltr'><strong>mnstichis</strong></span> <span class='ocrx_word' id='word_1_295' title='bbox 347 3476 383 3530; x_wconf 91' lang='grc' dir='ltr'><strong>Β.</strong></span> <span class='ocrx_word' id='word_1_296' title='bbox 457 3482 490 3530; x_wconf 82' lang='grc'><strong>29</strong></span> <span class='ocrx_word' id='word_1_297' title='bbox 510 3475 669 3546; x_wconf 78' lang='lat' dir='ltr'><strong>oxypiperis</strong></span> <span class='ocrx_word' id='word_1_298' title='bbox 687 3477 727 3531; x_wconf 83' lang='lat' dir='ltr'><strong>sic</strong></span> <span class='ocrx_word' id='word_1_299' title='bbox 745 3476 781 3528; x_wconf 92' lang='grc' dir='ltr'><strong>Β.</strong></span> <span class='ocrx_word' id='word_1_300' title='bbox 800 3475 835 3541; x_wconf 81' lang='lat' dir='ltr'><strong>ef.</strong></span> <span class='ocrx_word' id='word_1_301' title='bbox 850 3479 893 3529; x_wconf 76' lang='lat'><strong>40.</strong></span> <span class='ocrx_word' id='word_1_302' title='bbox 966 3471 1067 3526; x_wconf 86' lang='lat' dir='ltr'><strong>unciae</strong></span> <span class='ocrx_word' id='word_1_303' title='bbox 1086 3471 1143 3526; x_wconf 88' lang='lat' dir='ltr'><strong>sin·</strong></span> 
     </span>
     <span class='ocr_line' id='line_1_38' title="bbox 127 3545 1034 3618; baseline -0.001 -17"><span class='ocrx_word' id='word_1_304' title='bbox 127 3545 398 3615; x_wconf 70' lang='lat' dir='ltr'><strong>gulae..,unciee</strong></span> <span class='ocrx_word' id='word_1_305' title='bbox 416 3545 582 3618; x_wconf 80' lang='lat' dir='ltr'><strong>binae(sic)</strong></span> <span class='ocrx_word' id='word_1_306' title='bbox 600 3548 628 3601; x_wconf 92' lang='lat' dir='ltr'><em>B</em></span> <span class='ocrx_word' id='word_1_307' title='bbox 649 3551 710 3617; x_wconf 74' lang='lat' dir='ltr'><strong>(pro</strong></span> <span class='ocrx_word' id='word_1_308' title='bbox 729 3551 805 3616; x_wconf 81' lang='lat' dir='ltr'><strong>acc).</strong></span> <span class='ocrx_word' id='word_1_309' title='bbox 826 3546 860 3614; x_wconf 81' lang='lat' dir='ltr'><strong>cf.</strong></span> <span class='ocrx_word' id='word_1_310' title='bbox 881 3549 906 3600; x_wconf 90' lang='lat'><strong>3.</strong></span> <span class='ocrx_word' id='word_1_311' title='bbox 925 3548 970 3601; x_wconf 79' lang='lat'><strong>40.</strong></span> <span class='ocrx_word' id='word_1_312' title='bbox 990 3548 1034 3600; x_wconf 86' lang='lat'><strong>59.</strong></span> 
     </span>
    </p>
   </div>
   <div class='ocr_carea' id='block_1_7' title="bbox 0 0 1206 3922">
    <p class='ocr_par' dir='ltr' id='par_1_14' title="bbox 0 0 1206 3922">
     <span class='ocr_line' id='line_1_39' title="bbox 0 0 1206 3922; baseline 0 0"><span class='ocrx_word' id='word_1_313' title='bbox 0 0 1206 3922; x_wconf 95' lang='lat' dir='ltr'><strong> </strong></span> 
     </span>
    </p>
   </div>
  </div>
 </body>
</html>
