2392 3922
64 162 130 226 328
397 158 743 211 Peenno-rnrooonr

64 322 174 387 vinum,
201 322 229 373 et
252 318 295 371 ita-
324 315 405 371 dabis
433 316 555 370 maxime
586 315 718 370 euntibus
748 317 911 373 dormitum.
942 321 972 373 et
999 319 1080 374 aforis

65 397 286 469 cataplasmatis
309 396 451 466 palmulas
475 396 505 449 in
533 395 600 450 vino
624 396 755 450 decoctas
778 400 809 451 et
836 397 914 452 mala
943 399 1081 454 silvestria

66 479 204 547 similiter,
224 477 337 532 adiecta
356 475 449 529 farina
469 477 503 530 de
517 493 591 544 pane
610 475 799 530 transmarino
817 477 864 531 vel
884 478 921 532 de
941 495 1035 548 oryza.
1056 482 1081 533 et

66 559 154 614 alium
177 560 288 611 coctum
312 557 342 610 iu
365 556 449 610 melle
479 556 643 624 manducet,
671 559 700 611 et
722 555 826 610 vitium
849 557 941 612 sedat.
970 557 1080 613 feniculi
1122 596 1125 604 .

38 655 51 695 c
66 656 161 694 semen
179 637 279 691 tritum
297 636 328 689 in
346 637 412 691 vino
432 640 482 691 aut
501 652 576 704 aqua
594 634 692 703 bibat,
716 638 745 690 et
763 635 903 691 vomitum
922 637 1040 708 stringit
1057 640 1081 691 et

66 717 196 772 nausiam
216 716 304 770 sedat.
332 715 455 783 pectoris
479 714 605 769 dolorem
628 717 658 769 et
675 714 791 785 linguae
809 715 909 785 tolles,
933 717 958 771 si
976 719 1081 771 nastur-

67 799 141 852 cium
159 797 278 851 herbam
297 811 331 848 ex
350 812 425 862 aqua
444 795 590 848 decoctam
611 794 693 863 potui
717 794 808 850 dabis.
837 795 959 850 herbam
978 800 1081 851 nastur-

68 880 143 933 cium
161 896 195 932 ex
214 878 288 932 lacte
309 875 424 946 caprino
444 876 590 930 decoctam
603 873 695 942 bibat,
711 874 820 928 'bonum
834 877 885 930 est.
916 875 1080 930 cruditatem

67 959 151 1014 tolles
169 957 276 1028 piperis
297 959 326 1011 et
345 955 434 1026 puleii
452 955 515 1025 pari
532 953 656 1022 pondere
676 970 740 1006 cum
757 953 824 1008 vino
843 957 956 1024 potato.

29 1055 54 1093 ιο
140 1039 189 1092 Ad
213 1055 269 1092 eos
293 1036 351 1104 qui
375 1035 487 1089 cibum
509 1050 576 1087 nou
600 1032 775 1102 digerunt,
800 1034 838 1087 ad
861 1034 1042 1090 inflationem
1058 1037 1082 1088 et

69 1121 106 1174 ad
125 1118 219 1173 colum
241 1117 299 1171 tale
323 1116 410 1170 facies
435 1112 607 1183 oxyporium.
636 1115 662 1178 It
684 1112 790 1181 piperis
811 1113 946 1188 (grana)
966 1115 1031 1183 XII,
1054 1113 1082 1166 li·

69 1198 173 1268 gustici
193 1196 307 1252 seminis
320 1207 357 1254 ÷
369 1195 435 1262 1111,
454 1192 620 1263 petroselini
636 1192 813 1247 macedonici
825 1205 863 1252 ÷
876 1194 932 1247 1111
947 1195 978 1263 S,
998 1192 1081 1262 thymi

68 1291 101 1337 ÷
119 1279 139 1344 I,
159 1275 264 1345 cymini
281 1289 318 1334 ÷
332 1275 357 1342 Ι,
381 1273 470 1342 puleii
494 1272 596 1342 acapni
615 1272 758 1341 annotini,
782 1275 896 1327 mentae
916 1291 974 1328 ana
992 1288 1029 1332 -:-
1041 1273 1081 1327 ΠΙ.

70 1357 164 1410 omnia
182 1356 212 1408 in
230 1355 376 1423 pulverem
390 1353 506 1407 redacta
525 1370 589 1407 cum
607 1353 691 1406 melle
711 1351 837 1422 colliges,
857 1355 888 1407 et
906 1353 1005 1409 uteris.

30 1448 55 1488 15
141 1433 261 1488 Gordia
286 1430 438 1485 dolorem
461 1436 495 1486 et
517 1431 799 1501 praecordiorum
822 1433 972 1504 emendas,
998 1435 1023 1488 si
1041 1450 1082 1488 cor

68 1514 209 1583 pullinum
228 1511 334 1564 siccum
349 1513 396 1566 31
413 1508 495 1580 piper
510 1522 529 1572 9
544 1513 557 1565 Ι
575 1512 606 1565 in
624 1512 691 1566 vino
710 1511 800 1567 bibat.
820 1513 979 1568 cucumeris
995 1531 1084 1569 semen

70 1595 99 1646 et
118 1590 212 1644 salicis
233 1607 327 1644 semen
351 1593 380 1644 et
401 1590 508 1659 piperis
532 1609 622 1660 grana
640 1591 688 1644 XL
707 1591 791 1644 simul
811 1595 954 1661 conteres,
979 1596 1085 1648 etcum

69 1672 135 1726 vino
155 1671 215 1724 afro
234 1670 329 1723 ieiuno
348 1687 399 1739 per
416 1669 543 1723 triduum
560 1671 642 1739 potui
662 1670 753 1726 dabis.
780 1671 886 1726 herbae
905 1672 974 1727 bliti
994 1691 1086 1727 sucum

69 1770 120 1824 per
139 1751 199 1804 dies
218 1753 353 1818 quattuor
366 1749 448 1819 potui
467 1750 543 1819 dato,
563 1750 669 1804 bonum
684 1754 735 1805 est.
754 1768 837 1805 mane
855 1751 969 1806 ieiunus
988 1770 1087 1822 panem

31 1852 57 1891 ao
72 1850 155 1902 super
187 1831 322 1884 carbones
354 1832 454 1899 tostet‚
487 1829 518 1883 in
540 1829 606 1883 vino
632 1830 692 1884 afro
718 1830 844 1885 infusum
876 1832 1032 1887 manducet
1062 1834 1088 1886 et

72 1913 210 1967 diastema
229 1910 333 1979 faciat,
352 1910 500 1964 miraberis
520 1909 658 1964 effectum.
687 1911 741 1964 hoe
764 1913 794 1964 et
817 1910 982 1980 spleniticos
1003 1914 1086 1966 curat.

72 2012 156 2048 ovum
171 1993 287 2046 crudum
306 2008 341 2045 ex
359 2009 415 2045 una
433 1993 514 2059 parte
534 1989 626 2059 aperis
647 1992 675 2043 et
694 2006 829 2057 evacuas,
853 1992 883 2044 et
906 1990 1009 2060 imples
1029 2009 1088 2045 cum

71 2073 142 2127 lotio
170 2070 251 2141 pueri
275 2070 394 2140 virginis
418 2069 553 2137 admixto,
570 2072 574 2139 Ι
592 2074 630 2138 (p.
641 2074 707 2138 119)
728 2072 757 2123 et
779 2069 860 2139 potui
884 2071 962 2125 dato.
990 2071 1045 2125 hoc
1064 2073 1090 2125 et

73 2154 202 2207 ardorem
236 2151 465 2220 praecordiorum
493 2152 576 2203 sanat
611 2151 640 2203 et
667 2149 820 2203 lumbricos
853 2149 967 2205 occidit.
1006 2151 1090 2205 bacas

33 2250 59 2288 25
73 2233 148 2287 lauri
161 2233 201 2285 111
219 2231 250 2284 in
268 2231 334 2285 vino
354 2234 448 2285 coctas
468 2230 552 2283 tritas
576 2229 670 2297 bibat,
695 2229 787 2282 cordis
815 2229 941 2284 dolorem
960 2231 1032 2285 mire
1050 2248 1090 2284 re-

73 2312 220 2367 mediabis.
250 2311 392 2379 cyminum
418 2309 611 2377 aethiopicum
634 2309 877 2362 commanducato.
907 2327 1006 2363 sucum
1032 2310 1090 2364 eius

73 2392 186 2460 glutiat.
215 2390 348 2443 acuculas
366 2389 465 2458 pineas
488 2389 594 2443 virides
618 2389 702 2443 tritas
730 2405 794 2442 cum
817 2388 884 2442 vino
907 2389 1003 2459 bibat,
1028 2393 1092 2444 eta

74 2471 137 2522 cibo
156 2468 262 2537 pingue
281 2469 433 2535 abstineat,
453 2466 631 2522 liberabitur.

145 2547 362 2601 Cardiacis
392 2547 537 2614 subvenis,
567 2547 592 2600 si
620 2565 695 2615 aqua
720 2547 770 2602 ubi
795 2547 893 2602 holera
916 2551 999 2603 cocta
1028 2552 1093 2603 sunt

34 2645 60 2683 eo
74 2626 173 2681 addito
198 2626 257 2680 sale
280 2627 362 2695 potui
389 2628 479 2681 detur.
508 2629 573 2680 ruta
601 2644 635 2682 ex
654 2630 735 2682 aceto
754 2630 784 2683 et
806 2627 889 2682 melle
913 2644 977 2681 cum
1000 2629 1093 2683 farina

73 2706 239 2774 hordeacia,
267 2706 376 2776 pectori
404 2706 569 2776 impositum
596 2710 720 2777 prodest.
751 2709 849 2763 vinum
877 2708 1002 2762 calidum
1030 2727 1093 2763 cum

75 2787 194 2858 spongia
213 2787 378 2856 impositum
395 2803 535 2841 mammae
555 2787 695 2843 sinistrae.
724 2794 837 2844 mentae
856 2805 952 2843 semen
966 2806 1030 2843 cum
1044 2807 1092 2859 po-

74 2867 153 2922 lenta
181 2870 210 2922 et
238 2866 304 2921 vino
328 2883 467 2921 mammae
494 2866 626 2923 sinistrae
655 2870 826 2924 calefactum
848 2869 995 2939 imponito.
1023 2869 1092 2924 folia

149 3027 232 3082 abib
252 3029 275 3083 b.
368 3025 503 3082 6toll'b.
595 3027 687 3082 ebio.
707 3029 726 3080 b
745 3040 780 3084 ÷
799 3027 822 3079 b.
907 3029 1051 3098 9pulegii
1070 3032 1092 3084 b.

75 3102 177 3170 potatu
196 3102 220 3156 b.
298 3105 332 3152 10
350 3101 424 3153 rubr.
445 3101 467 3152 b.
541 3103 573 3151 11
593 3096 702 3166 Piperis
721 3097 773 3149 XII
790 3107 826 3153 —1-
844 3096 980 3152 Livestici
1000 3108 1012 3154 s
1033 3101 1094 3155 IIII.

75 3172 105 3225 P.
126 3179 173 3226 etc.
194 3173 218 3226 b.
294 3177 326 3223 13
344 3168 461 3238 pulegii]
481 3173 590 3237 acapnfi
610 3167 747 3221 annotinfi
766 3168 790 3220 b.
865 3172 897 3219 15
917 3173 991 3224 tuobe·¹
1014 3173 1038 3226 b.

78 3248 110 3295 13
130 3241 179 3294 bib
195 3244 218 3297 b.
293 3247 325 3294 17
344 3240 407 3292 XL⁸
426 3242 449 3294 b.
507 3238 629 3292 conteris
648 3241 672 3292 b.
728 3240 761 3290 18
780 3233 885 3290 bliteb.
925 3244 957 3292 13
977 3241 996 3293 b
1016 3257 1052 3301 ÷
1071 3247 1093 3298 b.

76 3318 111 3365 20
130 3312 224 3366 infusa
243 3309 266 3367 b.
341 3316 373 3364 21
395 3310 535 3364 diastema
554 3309 616 3378 (etc)
637 3310 660 3362 b.
734 3305 903 3376 spleneticos
923 3310 946 3363 b.
1013 3319 1047 3365 23
1066 3332 1093 3382 p,

75 3399 102 3434 v.
118 3399 173 3436 ana
187 3382 314 3437 mixtum.
332 3385 336 3452 1
353 3384 378 3436 b.
439 3381 505 3434 dato
516 3382 670 3449 (—icorr.)
685 3380 708 3432 b.
778 3382 811 3430 26
823 3381 1060 3436 commanducato
1071 3387 1093 3439 b.

77 3456 110 3504 28
120 3452 226 3525 pingue
237 3455 260 3507 b.
316 3459 349 3505 29
360 3454 434 3506 rubr.
449 3453 472 3505 b.
528 3454 609 3516 cocta
623 3452 704 3502 cocta
718 3450 734 3503 b
748 3450 778 3515 (a'.
793 3464 813 3501 e.
831 3446 907 3501 olera
919 3466 942 3502 o.
955 3451 999 3504 Pa.
1015 3455 1094 3508 Plio.

76 3524 102 3588 3,
111 3525 170 3588 20).
227 3528 261 3575 30
272 3523 371 3576 abdito
381 3524 405 3577 b.
461 3527 493 3574 31
506 3520 643 3574 ordeacea
653 3521 675 3573 b.
732 3521 835 3593 321th
854 3521 869 3573 b
889 3520 1008 3586 (murtae
1027 3525 1094 3593 Pu).
