2392 3924
124 194 146 256 4
440 196 631 247 THEODORI
649 195 829 247 PRISOIANI

124 367 154 420 et
168 379 243 439 quae
254 360 454 439 disputatione
469 366 597 440 careant,
611 359 789 419 medicinam
799 357 947 419 salubrius
963 359 1141 441 ordinarem,

124 449 181 509 hoc
209 455 255 509 est
283 451 456 530 euporistis,
489 467 559 509 suco
592 450 685 507 tritici
713 454 743 507 et
769 447 863 507 farina
890 448 1008 528 hordei,
1039 447 1140 508 herbis

124 539 214 597 variis
237 538 284 597 vel
302 537 430 609 metallis
451 544 481 598 et
500 535 647 597 similibus
667 538 784 616 ceteris,
806 535 966 614 inquibus
985 536 1141 597 manifesta

124 626 257 686 remedia
279 632 385 687 natura
409 628 543 704 signavit.
588 643 686 704 neque
711 627 790 685 enim
818 624 889 685 dum
917 633 1055 702 aegrotus
1080 625 1141 685 alii-

98 717 218 795 scitur,
251 715 405 775 adeundus
439 721 485 775 est
516 733 585 774 mox
614 713 727 774 Pontus
759 719 810 774 aut
842 715 985 773 interiora
1016 713 1141 774 Arabiae

124 803 309 864 sollicitanda
333 811 402 864 sunt
426 810 476 864 aut
495 810 594 864 storax
612 801 659 863 vel
678 810 846 863 castoreum
865 801 910 861 vel
929 801 1044 880 reliqua
1067 821 1141 881 quae

124 891 204 952 orbis
237 893 417 972 longinquus
450 892 567 971 peculia
593 890 690 951 habet.
741 891 808 951 ideo
841 891 1018 951 medicinam
1051 893 1141 951 etiam

123 983 156 1041 in
174 980 282 1041 vilibus
305 981 407 1042 herbis
426 1000 535 1060 parens
556 988 662 1040 natura
680 980 836 1060 disposuit,
855 985 888 1039 ut
906 979 987 1039 nullo
1006 979 1053 1038 vel
1076 979 1141 1040 loco

123 1069 170 1129 vel
188 1076 322 1148 tempore
342 1071 482 1130 medendi
500 1071 578 1131 desit
596 1069 737 1149 officium,
757 1087 825 1128 cum
843 1074 940 1127 tutum
959 1070 1055 1147 possit
1074 1087 1141 1129 esse

85 1174 111 1220 ro
124 1159 298 1219 remedium,

91 1246 114 1308 4
213 1248 270 1307 hoc
294 1249 386 1325 igitur
408 1245 558 1305 volumine
585 1244 694 1306 bonam
716 1245 847 1307 hominis
874 1244 1067 1305 valitudinem
1091 1264 1141 1306 ex-

123 1338 217 1414 pertis
236 1341 270 1395 nt
289 1338 372 1395 aiunt
391 1342 420 1394 et
440 1336 561 1394 rusticis
583 1333 785 1394 curationibus
808 1333 965 1394 formatam
983 1336 1015 1394 in
1034 1334 1141 1413 vulgus

124 1425 255 1502 exposui.
302 1426 416 1501 inquo
441 1424 553 1499 gratior
584 1429 629 1482 est
657 1424 754 1500 aegris
783 1422 944 1503 medicina,
972 1442 1040 1483 cum
1065 1424 1141 1484 celc-

123 1514 196 1571 ritas
225 1511 383 1571 famulatur
411 1510 511 1571 oflicii.
558 1529 615 1589 qua
642 1511 679 1570 de
707 1529 741 1570 rc
769 1513 828 1570 erit
857 1509 944 1571 nobis
972 1511 1008 1570 de
1043 1514 1141 1591 capite

84 1614 111 1655 15
123 1606 274 1678 tamquam
302 1618 338 1659 ex
372 1617 439 1660 arce
476 1599 512 1659 ad
541 1599 685 1678 reliquam
718 1617 820 1659 curam
849 1602 983 1678 corporis
1016 1600 1141 1661 descen·

124 1689 267 1769 (lendum,
295 1690 327 1748 in
355 1706 413 1766 quo
437 1694 518 1747 tanto
546 1690 707 1767 pretiosior
735 1694 781 1748 est
804 1690 914 1748 sanitas
943 1697 1053 1767 quanto
1078 1708 1140 1749 mo-

196 1936 210 1983 1
231 1931 348 1983 careant
366 1929 508 1984 medicina
525 1931 561 1985 rb
583 1929 653 1984 Get:
673 1930 770 1983 careat
787 1927 929 1982 medicina
947 1929 983 1983 B.
1067 1929 1140 1984 salu·

123 2000 202 2055 brius
221 2000 352 2055 ordinare
371 2002 408 2056 br
426 2003 502 2070 (-re
520 2017 543 2069 c,
562 2007 656 2054 —rem
673 2000 754 2070 Geth
775 2016 860 2068 quam
878 1998 1000 2053 iactanti
1013 2000 1141 2055 oratione

124 2076 270 2127 teneamus
289 2073 325 2126 B.
398 2077 414 2124 2
435 2070 590 2140 superistiir
609 2072 660 2140 rb(
674 2073 692 2140 ).
766 2087 848 2124 sucus
867 2073 945 2139 (suco
965 2071 1034 2140 aaz.)
1052 2071 1141 2125 tritici

124 2144 147 2197 dr
165 2143 259 2197 farina
277 2142 356 2198 ordei
374 2144 465 2224 γὺψ),
485 2159 550 2197 suco
568 2141 658 2196 tritici
676 2141 770 2195 farina
788 2143 818 2195 et
835 2140 935 2195 hordei
953 2142 988 2195 Β.
1062 2147 1078 2194 3
1098 2159 1141 2197 oe·

122 2214 247 2282 terisque
267 2216 298 2282 b(
312 2218 330 2284 ).
386 2213 549 2284 4srgnarit
566 2214 613 2268 ΥΒ
625 2214 696 2268 Get:
719 2211 895 2282 significatb
966 2213 1034 2266 dum
1051 2215 1140 2284 rblc):

123 2301 188 2338 cum
206 2286 233 2338 B
245 2285 303 2339 ceu
360 2288 376 2336 ὅ
396 2284 542 2339 adeundus
561 2285 605 2338 est
622 2300 688 2337 mox
705 2302 732 2353 p.
751 2285 788 2339 rb
809 2284 880 2339 Gela
900 2282 1078 2338 adhibendus
1098 2286 1142 2339 est

122 2373 150 2424 p.
165 2356 201 2409 B.
309 2354 445 2408 interiora
462 2356 499 2410 rb
520 2355 591 2410 Gela
611 2354 685 2407 —ris
703 2356 740 2408 B.
843 2360 858 2407 6
879 2355 944 2408 sunt
963 2356 1013 2408 ant
1032 2357 1140 2410 storace

124 2427 201 2494 (-ce
220 2427 244 2494 r)
264 2427 314 2478 aut
332 2425 389 2493 (vel
406 2428 449 2494 rc)
469 2427 597 2480 castorei
617 2427 667 2478 aut
685 2425 741 2493 (vel
758 2427 783 2494 r)
809 2423 919 2492 reliqua
936 2431 956 2496 q
975 2442 1000 2479 o.
1019 2425 1038 2478 l.
1057 2443 1140 2495 pecu·

123 2495 209 2550 liures
227 2494 350 2550 habetb
374 2498 451 2565 (sunt
473 2496 509 2549 ob
534 2497 673 2549 storacem
695 2495 742 2549 vel
764 2498 922 2550 castoreum
948 2496 995 2551 vel
1017 2496 1141 2566 reliquas

123 2566 219 2637 fruges
234 2583 304 2634 ques
319 2583 344 2621 o.
359 2565 377 2618 1.
392 2565 549 2634 peculiares
563 2566 590 2620 h.
603 2567 681 2635 Geli,
697 2568 763 2620 sunt
780 2568 875 2621 ostrea
892 2566 938 2621 vel
957 2569 1082 2623 castores
1097 2568 1142 2622 vel

123 2636 249 2709 reliquae
268 2636 364 2706 fruges
384 2653 454 2705 quas
474 2653 498 2691 o.
517 2636 536 2691 l.
555 2635 711 2705 peculiares
730 2637 818 2691 habet
835 2639 871 2692 Β,
949 2644 1003 2707 que
1021 2635 1103 2693 morb
1118 2658 1141 2694 r.

125 2713 141 2760 7
160 2708 247 2762 etiem
265 2707 296 2761 in
313 2706 419 2761 vilibus
438 2706 533 2762 herbis
551 2708 579 2761 Β
595 2708 667 2763 oeta
685 2707 716 2760 in
733 2707 882 2762 vilioribus
901 2708 989 2763 etiam
1007 2709 1104 2764 herbis
1118 2711 1141 2779 b,

125 2778 213 2832 etiam
230 2778 261 2832 in
278 2777 427 2832 vilioribus
446 2777 541 2832 herbis
558 2797 582 2834 r.
643 2785 659 2833 8
677 2778 756 2833 nullo
774 2779 836 2834 loeo
855 2779 901 2834 vel
919 2782 939 2836 t.
959 2782 1043 2851 rb(c)‚
1062 2780 1141 2835 nullo

123 2849 200 2904 bello
219 2850 304 2905 velt.
324 2850 352 2903 B
371 2851 450 2918 (corr.
472 2850 549 2919 cert.
702 2857 717 2903 9
736 2852 830 2904 tutum
848 2852 937 2922 (corr.)
959 2851 1030 2907 Get:
1049 2853 1143 2906 totum

123 2922 240 2991 er(c).
342 2927 374 2974 11
394 2920 517 2989 expertis
536 2922 569 2974 ut
587 2920 668 2975 aiunt
686 2923 716 2975 et
734 2923 778 2990 (ao
795 2925 819 2991 c)
829 2938 851 2975 r.
871 2938 893 2976 c.
912 2921 1003 2976 forma
1022 2925 1072 2991 (stc
1090 2926 1142 2992 ips.

124 3008 193 3048 corr.
212 3008 247 3047 cac
264 2991 368 3062 farina)
388 2992 443 3061 b(c)
462 2993 565 3063 expcut
584 2992 665 3046 aiunt
679 2994 743 3046 etr.
759 3009 781 3046 c.
803 2992 894 3046 forma
912 3012 938 3048 r:
963 2993 1096 3062 expedivi
1114 2994 1144 3048 et

124 3065 157 3117 ut
176 3063 257 3117 aiunt
273 3080 295 3117 r.
316 3080 339 3117 c.
358 3062 482 3117 formata
500 3064 528 3116 B
552 3062 701 3133 (expeditis
725 3064 757 3116 nt
775 3061 873 3116 dicunt
892 3065 921 3117 et
939 3083 960 3119 r.
980 3081 1003 3119 c.
1023 3063 1042 3119 f.
1063 3066 1143 3133 cer).

126 3140 158 3188 13
172 3133 327 3189 medicina:
346 3136 423 3205 rb(c)
435 3135 507 3190 Get:
521 3133 663 3188 medicina
677 3137 707 3188 et
719 3133 804 3187 facile
818 3133 984 3202 reperienda
998 3136 1142 3206 (add.!)B.

161 3205 377 3275 celeritasrblc)
391 3206 462 3260 Gela
483 3204 613 3259 celeritas
633 3221 666 3259 ac
681 3203 807 3259 facilitas
825 3206 935 3260 auen.
985 3211 1018 3259 14
1036 3207 1143 3274 quade

125 3291 155 3329 re
169 3278 252 3331 rbB:
272 3292 360 3344 quare
374 3293 444 3331 corr.
457 3275 515 3330 cer.
571 3275 626 3330 erit
639 3278 675 3330 rb
687 3276 749 3331 Get:
769 3275 869 3345 fit(sic)
888 3277 924 3331 Β.
981 3281 1014 3330 15
1029 3293 1064 3331 ex
1079 3295 1142 3350 arcp

126 3348 204 3415 (-ce
222 3349 266 3415 cr)
286 3348 301 3402 b
321 3346 406 3416 (Cass.
422 3350 568 3416 p.1,10):
588 3347 707 3400 exarcho
727 3346 762 3399 B.
838 3353 869 3400 16
889 3363 907 3400 a
925 3364 980 3415 quo
999 3349 1081 3402 tento
1100 3365 1142 3417 pr.

125 3433 149 3471 e.
169 3433 190 3472 s.
210 3419 316 3485 quanto
335 3436 371 3472 m.
390 3416 477 3471 fuerit
495 3434 518 3473 e.
539 3419 562 3487 b,
582 3417 612 3471 in
631 3418 768 3485 quantum
785 3416 936 3486 pretiosior
953 3435 977 3473 e.
993 3437 1014 3473 s.
1034 3421 1142 3487 quanto

125 3505 162 3613 pp.
174 3487 268 3614 guprit
286 3503 309 3542 e.
328 3506 356 3546 r:
380 3488 411 3541 in
430 3506 485 3557 quo
509 3491 616 3557 quanto
634 3487 787 3557 preciosior
805 3504 828 3543 e.
849 3506 870 3543 s.
889 3490 971 3543 tanto
995 3491 1040 3543 est
1062 3508 1100 3543 m.
1118 3506 1142 3544 e.

200 3576 214 3613 e
227 3603 232 3615 .
