2392 3924
146 165 212 229 154
469 167 660 220 rflnonom
676 167 856 219 PRISOIANI

144 333 202 391 mis
234 330 471 410 competentibus
503 331 642 391 medendi
674 331 868 409 frequentius.
924 338 1159 395 sternutamenta

144 419 262 480 assidue
289 419 475 498 procuranda
507 426 577 480 sunt
603 437 639 480 ex
668 418 810 480 odoribus
837 419 1020 502 acrioribus,
1054 421 1157 501 quibus

143 507 259 567 facilius
286 509 382 586 possit
408 525 512 586 pressa
539 507 662 568 altitudo
691 507 809 568 cerebri
839 510 988 570 suscitari.
1036 518 1157 571 namet

144 595 200 655 alia
222 595 345 656 naribus
369 614 473 656 eorum
496 596 690 675 supponenda
713 603 783 657 sunt
801 614 838 657 ex
856 599 922 657 vivo
942 596 1095 677 sulphure
1117 599 1157 660 rel

114 690 279 744 scastoreo
301 691 466 764 temperata
489 703 557 746 cum
580 691 672 745 aceto.

233 775 352 852 cynicos
384 791 518 852 spasmos
549 779 717 854 praeterea,
749 775 801 851 qui
834 791 871 834 ex
902 775 965 834 oris
998 777 1156 837 vicinitatis

142 861 278 922 molestia
309 861 427 939 linguae
459 869 489 921 et
515 863 597 922 vocis
629 862 760 922 officium
791 862 966 940 frequenter
998 865 1155 946 intercipit,

74 976 83 987 ·
142 953 273 1029 propriis
301 953 381 1011 curis
409 949 603 1029 corrigendus
631 951 688 1010 erit
715 949 897 1031 specialiter,
926 954 1154 1030 gargarismatiis

142 1041 229 1118 ysopi
242 1039 336 1118 thymi
350 1041 462 1117 sinapis
477 1058 545 1100 cum
559 1037 694 1118 oxymeli.
723 1037 798 1099 cibis
817 1037 993 1101 salsioribus
1007 1041 1154 1103 nutriendi

101 1143 130 1182 ιο
144 1134 214 1188 sunt
241 1134 271 1188 et
303 1128 472 1188 catharticis
500 1127 618 1188 assidue
650 1125 809 1187 relevandi.
856 1129 882 1186 si
910 1127 966 1188 sub
1001 1129 1059 1191 hac
1092 1148 1152 1192 sane

144 1216 296 1295 diligentia
317 1232 424 1296 parum
441 1216 589 1276 medicina
606 1215 777 1295 profecerit,
795 1233 899 1275 venam
918 1218 964 1276 eis
984 1216 1043 1278 sub
1062 1218 1154 1298 lingua

144 1304 259 1365 secabo.
304 1322 443 1365 necnon
470 1307 559 1365 etiam
586 1303 685 1364 tardas
718 1303 914 1382 confusasque
944 1322 1054 1366 eorum
1082 1307 1152 1368 locu·

142 1395 240 1452 tiones
265 1391 320 1452 sub
344 1393 487 1470 disposita
509 1394 718 1472 provocatione
741 1391 899 1474 compello,
926 1394 1055 1455 timores
1078 1398 1151 1456 incu-

94 1512 99 1558 J
142 1481 244 1540 tiendo
267 1482 346 1558 ignis
369 1488 420 1541 aut
443 1483 599 1562 serpentis,
622 1488 655 1541 ut
679 1483 889 1541 correctiorem
912 1499 1018 1543 vocem
1041 1484 1151 1545 tandem

103 1583 129 1624 15
143 1576 286 1646 cogantur
309 1587 492 1648 expromere.
538 1575 626 1648 caput
654 1587 758 1630 eorum
784 1568 896 1647 liquido
925 1573 1076 1633 cerotario
1103 1573 1151 1632 lra-

143 1664 270 1736 quenter
298 1658 422 1718 infundo
451 1676 487 1717 ex
515 1664 649 1718 castoreo
676 1656 847 1737 peucedano
880 1664 910 1718 et
942 1657 1009 1720 oleo
1043 1660 1148 1721 laurino

142 1745 188 1805 vel
215 1748 293 1806 irino
325 1752 497 1825 temperato.
547 1748 700 1825 potionem
731 1747 832 1806 ieiuno
860 1745 936 1806 dabo
965 1765 1003 1808 cx
1031 1751 1148 1810 castorei

142 1833 263 1912 pulvere
291 1837 323 1895 in
346 1835 467 1895 modurn
490 1833 632 1895 coclearis
660 1836 750 1894 unius
778 1852 846 1894 cum
873 1833 1038 1897 meliorato.
1059 1914 1063 1919 Δ
1084 1837 1147 1899 dabo

103 1938 128 1977 19
142 1925 225 1985 ieran
249 1942 285 1984 ex
303 1942 396 2004 more,
419 1922 495 1983 dabo
519 1929 549 1983 et
571 1922 733 1983 theriacam
756 1928 890 2002 tempore
914 1929 1104 2004 competenti

85 2009 133 2074 54
231 2015 258 2074 si
280 2019 380 2072 autem
403 2012 522 2090 frigoris
546 2029 633 2072 causa
652 2010 794 2090 paralysis
818 2010 988 2094 obvenerit,
1010 2021 1046 2075 ut
1071 2015 1146 2095 plena

213 2259 228 2306 1
243 2252 375 2307 medendi
384 2253 424 2307 B:
438 2251 590 2307 mederirb
602 2254 646 2320 (se.
662 2250 809 2322 cenvenit).
883 2257 899 2306 a
912 2254 1091 2321 procuranda
1099 2254 1143 2310 ra:

140 2324 320 2395 provocanda
338 2325 362 2379 b.
421 2327 439 2375 4
458 2321 516 2376 alia
534 2324 579 2391 (se.
599 2321 805 2392 odoramenta):
825 2321 895 2376 allia
913 2325 973 2394 (sic)
992 2325 1029 2392 Β,
1048 2323 1144 2381 collirio

140 2397 184 2449 rb.
204 2396 239 2461 ef.
261 2394 331 2448 ant.
352 2395 369 2448 t.
389 2409 410 2448 e.
502 2397 601 2445 ccum
620 2394 700 2448 aceto
718 2395 792 2529 νὸοῐ.
814 2393 929 2463 (ΒΜ,
948 2398 1011 2465 37):
1030 2412 1081 2453 om.
1098 2395 1142 2451 Bt.

141 2472 157 2518 6
173 2464 273 2532 quicon
292 2479 419 2532 spasmus
433 2481 457 2533 r,
476 2479 674 2531 cenospasmus
688 2464 724 2532 Β,
768 2463 799 2517 ui
813 2470 846 2519 cii
862 2480 976 2534 spasmo
996 2468 1068 2536 b(cf.
1085 2465 1142 2523 cad.

141 2536 196 2589 chr.
211 2538 238 2602 2,
254 2538 290 2587 63
309 2540 335 2588 et
353 2540 381 2602 2,
401 2536 438 2603 8).
512 2533 606 2601 quir:
626 2534 672 2588 oui
690 2535 726 2604 Β,
745 2534 813 2603 quia
831 2537 855 2591 b.
929 2552 965 2590 ex
983 2537 1041 2592 oris
1059 2535 1142 2593 vicini·

140 2605 202 2658 tate
224 2603 401 2671 molestiae,
430 2620 464 2657 ex
490 2602 648 2658 vicinitatis
676 2604 807 2660 molestia
824 2606 865 2672 Β,
899 2606 978 2688 quia)
1000 2606 1141 2662 vicinitatis

141 2674 273 2728 molestia
291 2677 315 2730 b.
389 2673 521 2747 llingue
540 2677 570 2730 et
588 2675 644 2744 (vel
661 2678 700 2745 Β)
719 2676 796 2731 vocis
815 2676 876 2733 Bb:
979 2678 1111 2735 eveloeis
1123 2694 1139 2732 r.

140 2744 285 2814 intercipit
302 2747 352 2808 rb,
371 2744 463 2800 -itur
481 2748 517 2802 B.
581 2746 778 2816 8specialiter
796 2749 836 2803 B:
857 2747 968 2802 —libus
986 2751 1031 2807 rb.
1090 2765 1140 2820 gor·

140 2816 314 2887 garismatiis
332 2819 369 2886 Β,
389 2816 475 2872 -eiis
493 2836 522 2874 r:
542 2817 613 2872 -tis
632 2819 656 2873 b.
735 2817 863 2887 tsinapi
880 2819 953 2875 er.
1035 2816 1139 2876 oximeli.
1186 2864 1188 2881 ,

139 2888 212 2942 cibis
230 2906 246 2943 r
265 2887 413 2957 (oximelle.
433 2887 510 2943 Cibis
530 2890 569 2958 b):
588 2887 755 2942 oximellieis
773 2889 808 2944 Β.
892 2895 925 2943 11
944 2891 1047 2962 profe(i
1060 2886 1139 2962 taem
1186 2892 1188 2937 t

140 2961 203 3015 Bb:
221 2958 359 3029 profuerit
376 2978 399 3015 r.
473 2965 506 3014 12
525 2975 576 3013 nec
594 2975 651 3012 non
668 2977 692 3028 r,
711 2975 763 3013 nec
780 2965 800 3013 fi
819 2961 834 3014 b
853 2959 958 3031 (Nea.):
978 2978 1031 3017 nec
1044 2965 1085 3032 (ia
1097 2961 1138 3029 fiat

139 3034 240 3100 cereas)
251 3032 286 3085 Β.
359 3029 545 3099 confusasque
564 3032 604 3086 B:
624 3029 855 3098 confusionesque
870 3032 894 3100 b,
914 3031 1106 3102 confossusque
1119 3045 1136 3083 r.

141 3107 174 3155 13
193 3101 307 3155 timores
325 3103 375 3156 rb:
393 3100 478 3154 moris
497 3103 533 3156 B.
601 3106 635 3154 14
654 3100 728 3171 ignis
748 3103 799 3155 aut
817 3102 1002 3171 serpentisr:
1021 3103 1084 3174 igne
1099 3098 1136 3154 aul

138 3175 282 3241 serpentes
301 3172 359 3227 Bb.
432 3171 627 3226 correctiorem
642 3172 704 3228 Bb:
724 3171 927 3241 corruptiorem
943 3191 967 3231 r.
1039 3171 1135 3228 tandem

139 3244 201 3298 rB:
229 3241 346 3297 tandem
374 3242 527 3311 aliquando
551 3244 574 3297 b.
667 3247 700 3296 15
723 3242 878 3312 exprimere
900 3261 925 3300 r.
1017 3251 1049 3300 17
1073 3240 1133 3312 (ot)

137 3315 327 3383 temperatam
345 3315 409 3369 odd.
428 3315 455 3367 Β
470 3316 537 3384 (coa
553 3315 608 3383 rb).
736 3313 875 3368 wicram
894 3315 921 3368 Β
936 3317 1014 3384 (yera
1032 3316 1065 3384 b),
1110 3322 1133 3362 rt

139 3385 200 3452 (om.
216 3384 301 3454 dabo)
315 3402 338 3439 r.
388 3385 418 3438 et
426 3386 467 3454 (t.)
481 3402 509 3440 r:
528 3401 578 3439 om.
589 3384 625 3439 Β.
680 3389 714 3438 20
729 3384 876 3439 obvenerit
888 3386 950 3442 rB:
970 3382 1105 3441 advenerit
1114 3379 1131 3432 t.

131 3455 173 3507 ut
199 3453 284 3524 plena
310 3471 376 3523 pars
404 3454 557 3524 aliquando
585 3455 708 3524 corporis
731 3455 865 3525 (eorporis
888 3455 1042 3525 aliquando
1059 3457 1082 3524 b)
1100 3449 1131 3504 ab

132 3524 294 3594 temptetur
309 3527 359 3582 rb:
382 3527 415 3580 ut
436 3525 514 3595 lepra
540 3525 693 3594 aliquando
717 3542 816 3596 corpus
836 3527 1022 3597 attemptatur
1037 3526 1090 3596 (sic)
1103 3518 1130 3574 B·
