2392 3924
409 161 568 211 nmroun
586 159 736 212 ALTERA.
1018 158 1085 222 475

68 317 243 369 crementum
256 314 324 370 eius.
343 332 411 369 nam
424 316 466 369 ibi
480 316 605 370 tenuitas
620 315 748 371 ciborum
760 320 871 371 mutato
886 318 978 372 colore
992 321 1083 371 trans-

67 395 208 464 figuratur
225 395 256 448 in
275 395 420 464 sanguine.
445 395 535 449 omnis
559 399 655 450 autem
679 396 799 450 materia
818 396 945 451 ciborum
964 398 1084 451 detunsa

65 490 116 542 per
134 473 335 543 gmgmlionem
354 474 494 544 excipitur
511 476 602 544 primo
622 476 658 530 ab
675 477 828 532 stomacho
848 493 902 544 que
916 477 1083 531 tenuissima

65 553 171 608 itinera
189 570 241 622 per
258 556 351 608 totum
374 572 474 623 corpus
499 555 685 625 dispensatur.
712 572 778 625 ergo
801 555 975 610 viridissima
994 560 1023 611 et
1041 557 1083 610 in·

66 633 221 702 tegerrima
239 633 270 685 in
289 634 456 703 sanguinem
475 634 595 688 dimittit
613 635 697 689 iecor.
723 637 791 688 tunc
814 652 869 703 que
888 635 1082 689 sordidissima
1110 648 1123 687 5

65 714 94 766 et
121 711 230 767 iudicio
259 729 310 766 suo
333 713 485 781 reprobata
508 716 587 783 sunt,
610 717 799 768 exonerantur
820 714 851 767 in
873 717 1012 784 ventrem,
1041 714 1083 768 in-

64 791 185 846 testines
205 791 389 861 repletantur.
413 793 519 862 accipit
540 793 617 848 iecor
635 793 830 848 sordidissima
848 810 883 847 ex
901 793 965 848 cibo
985 794 1083 849 stilla

64 871 160 926 calore
179 889 231 926 suo
249 875 310 926 tam
330 872 379 926 diu
399 872 581 941 decoquendo
601 872 741 941 liquescit.
767 873 834 927 inde
857 873 1024 942 sanguinem
1042 875 1082 943 fit,

64 968 149 1019 quem
168 951 291 1020 primum
309 951 407 1006 multis
427 952 538 1021 colligit
556 952 666 1021 fistulis,
687 952 789 1007 deinde
803 955 952 1022 acceptum
969 953 1083 1007 maiori-

62 1031 116 1085 bus
136 1031 248 1086 venulis
268 1035 390 1100 quatuor
407 1031 572 1101 perducitur
590 1049 644 1100 que
668 1034 706 1086 ad
729 1033 805 1087 iecor
823 1032 905 1101 quasi
924 1033 962 1085 ad
981 1032 1081 1086 castel·
1097 1046 1122 1084 10

62 1111 130 1166 lum.
162 1113 219 1165 duo
243 1111 319 1166 enim
346 1112 525 1180 receptacula
553 1111 628 1166 intra
656 1128 686 1165 se
713 1111 814 1180 habet,
842 1129 929 1165 unum
957 1111 1081 1180 spiritus,

64 1190 188 1245 alterum
207 1191 315 1259 anima,
334 1191 388 1245 hoc
407 1193 451 1245 est
469 1191 593 1261 sanguis.
616 1191 777 1260 peronius,
801 1193 838 1245 ut
857 1190 946 1258 dixi,
966 1207 1081 1260 corpore

62 1273 95 1324 ut
113 1270 235 1326 arterias
255 1270 397 1340 spiritales
419 1288 522 1325 novem
545 1271 654 1325 intrant
677 1275 707 1326 et
729 1273 865 1339 quattuor
889 1273 993 1325 exeunt
1010 1287 1081 1325 vene

62 1350 255 1421 sanguinales.
275 1350 342 1404 inde
360 1350 504 1405 inmensus
519 1353 548 1405 et
561 1368 612 1405 suo
627 1350 684 1405 sibi
697 1350 870 1405 incremento
889 1350 980 1404 maior
995 1353 1081 1419 atque

62 1430 153 1485 maior
176 1429 283 1498 factus,
309 1430 441 1484 extremis
470 1447 557 1499 usquc
581 1433 619 1486 ad
645 1432 731 1486 finem
757 1432 946 1486 membrorum
974 1431 1120 1501 emigat15

61 1510 214 1578 redditque
228 1511 349 1580 pulsum.

437 1651 496 1707 XX.
516 1652 562 1706 De
581 1652 707 1722 splene.

133 1739 221 1810 Splcn
239 1743 336 1795 autem
353 1741 469 1810 ponitur
487 1741 517 1793 in
540 1740 655 1796 sinistra
678 1744 759 1811 parte
782 1740 1006 1810 prooemiorum,
1029 1757 1080 1793 na-

60 1819 127 1871 tura
146 1816 294 1887 oblongus.
314 1819 480 1873 coniunctus
499 1823 543 1873 est
560 1821 661 1874 ventri.
688 1820 815 1896 eontinet
834 1838 868 1875 ex
892 1836 921 1874 se
940 1819 1079 1872 membra·

13 1919 30 1955 a·
59 1914 128 1951 nam
145 1900 262 1952 tenuem
280 1902 310 1952 et
328 1898 458 1953 velamen
475 1899 584 1954 habens
602 1899 804 1970 pinguissimas
821 1915 918 1967 venas,
937 1914 991 1966 que
1013 1915 1079 1952 ven·
1093 1912 1120 1949 ro

13 1961 30 2015 ⁸·
59 1980 134 2032 trem
152 1977 200 2032 vel
217 1977 371 2033 intestinae
390 1978 516 2047 cooperit
534 1979 580 2034 vel
603 1978 749 2048 calefacit,
773 1979 849 2046 quod
872 1976 949 2047 greci
968 1977 1077 2046 epiplos

59 2059 173 2111 vocant.
192 2057 283 2112 latine
297 2062 442 2112 omentum
459 2057 505 2113 vel
519 2076 623 2128 mappa
638 2057 750 2112 dicitur.
770 2061 918 2112 extensum
931 2060 975 2111 est
989 2073 1078 2125 usque

59 2138 98 2191 ad
116 2136 200 2191 ilium
219 2136 365 2192 sinistrum
384 2141 413 2192 et
430 2137 579 2193 interanea
596 2137 719 2208 positus,
743 2137 820 2205 quod
842 2135 969 2189 nervosis
988 2135 1078 2189 conti·
1173 2165 1176 2171 ·

132 2295 293 2352 libirbiG
306 2296 490 2367 (bitenuitas).
532 2301 663 2353 tenuetas
678 2297 710 2351 P.
757 2295 907 2351 mutatuP.
952 2296 1077 2350 aomP:

58 2366 187 2421 omnium
210 2367 274 2422 UG.
348 2369 470 2422 adtuma
494 2368 558 2424 UG.
631 2367 876 2438 3gurgullionem
898 2365 957 2421 UG.
1031 2382 1078 2419 ex-

58 2437 172 2508 cipetur
189 2437 223 2492 P.
304 2438 428 2520 primum
451 2439 515 2495 UG.
607 2441 644 2495 ab
664 2441 701 2495 P:
721 2440 760 2493 ad
782 2439 842 2494 UG.
933 2455 988 2510 quc
1012 2437 1076 2493 UG.

57 2509 206 2563 litenera
225 2509 258 2579 P,
277 2508 383 2563 itinera
401 2510 433 2565 U:
452 2509 553 2565 itinere
575 2511 608 2566 G.
680 2509 850 2580 integerima
869 2509 902 2562 P.
975 2514 991 2563 5
1014 2525 1078 2562 san·

56 2579 146 2649 guine
170 2578 230 2635 UG.
304 2579 433 2634 dimittat
446 2580 522 2635 iecor
536 2581 603 2650 PU,
623 2581 744 2636 dimittit
763 2580 850 2636 iecori
870 2580 904 2636 G.
977 2598 1032 2649 quc
1043 2580 1078 2635 G.

57 2650 227 2705 sordissima
236 2649 270 2705 P.
326 2650 507 2706 6iuditioP.
569 2669 619 2706 suo
637 2669 689 2707 om.
701 2653 734 2708 G.
790 2652 998 2708 exhonerantur
1013 2651 1076 2706 UG.

58 2720 272 2791 treplicantur
289 2721 318 2777 U
320 2721 353 2776 G.
427 2722 538 2792 accepit
552 2724 584 2778 P.
641 2723 843 2777 sordedissima
862 2723 894 2777 P.
949 2721 1029 2776 8dio
1043 2722 1077 2776 P.

57 2793 267 2861 dequoqueudo
290 2792 355 2848 UG.
427 2792 555 2861 liquiscit
568 2794 602 2847 P.
674 2793 826 2864 tcollegit
840 2794 873 2849 P.
948 2798 981 2847 10
995 2795 1078 2861 quat

55 2865 124 2918 tuor
146 2862 212 2918 UG.
285 2880 341 2935 qup
366 2864 429 2919 UG.
509 2862 669 2917 inanimal
692 2864 724 2919 U.
809 2881 861 2934 per
884 2865 954 2920 UG:
973 2880 1024 2934 pro
1044 2863 1076 2918 P.

57 2939 91 2987 13
111 2950 185 3006 vene
206 2933 240 2988 G.
315 2939 349 2988 14
367 2934 509 2989 inmensos
530 2934 564 2989 G.
642 2937 672 2988 et
689 2937 762 3003 (suo)
787 2935 858 2989 UG:
876 2951 911 2990 ex
929 2936 961 2990 P.
1035 2933 1078 2987 in-

56 3004 197 3059 crimento
216 3003 250 3060 P.
323 3006 416 3073 adque
436 3005 468 3059 P.
541 3004 632 3059 maior
650 3008 736 3072 atque
754 3004 847 3058 minor
867 3005 901 3061 G.
977 3012 1078 3060 1561-

55 3078 165 3130 tremus
186 3074 220 3129 G.
320 3075 428 3146 emigat
448 3076 519 3131 PU:
538 3075 643 3131 emicat
663 3075 696 3129 G.
796 3081 828 3129 17
847 3075 889 3130 De
908 3075 1024 3144 splenae
1044 3077 1076 3130 P.

57 3185 91 3235 rs
111 3181 215 3250 splena
233 3182 266 3236 P.
322 3187 356 3235 19
375 3181 496 3252 oblogus
515 3182 547 3250 r,
569 3160 689 3251 obrigui
706 3181 738 3235 o.
793 3186 827 3235 20
845 3181 939 3235 ventri
958 3182 995 3236 P:
1010 3197 1078 3236 ven-

55 3252 94 3306 tri
110 3251 223 3306 conteri
237 3252 296 3308 Uet
305 3254 367 3320 (ati
375 3260 471 3322 postca
485 3254 560 3308 tinea
572 3260 728 3308 Gaaeversa
735 3253 851 3307 deletum
860 3251 1034 3319 esteonteri)
1042 3251 1075 3306 G.

56 3322 188 3378 contenit
204 3322 240 3377 P.
347 3323 544 3378 membranum
566 3324 594 3378 U
596 3324 629 3379 G.
734 3329 769 3376 20
788 3321 838 3390 qui
856 3321 888 3375 P.
980 3327 1014 3374 21
1034 3321 1077 3374 in-

55 3393 162 3449 testine
187 3393 253 3449 UG.
343 3394 453 3463 coperit
476 3395 507 3462 U,
526 3394 652 3464 coeperit
672 3394 706 3449 G.
796 3392 944 3447 scalefacit
962 3392 995 3446 P.

55 3465 176 3535 epyplos
191 3464 225 3532 P,
245 3463 356 3533 epiplos
374 3465 411 3521 U:
430 3465 520 3534 epilos
532 3465 566 3520 G.
621 3472 656 3520 22
675 3481 750 3534 appa
761 3464 795 3519 G.
868 3467 1001 3518 extensus
1015 3462 1075 3519 UG.

55 3541 90 3589 23
109 3538 276 3591 senextrum
289 3535 324 3603 P,
342 3535 493 3590 sinixtrum
511 3536 542 3592 U.
615 3536 760 3592 internata
771 3536 804 3592 P.
