2384 3930
498 207 687 260 GYNAECIA.
1018 209 1083 273 431

61 360 105 414 cis
138 359 234 428 liquid
262 361 388 414 mortuos
415 361 454 415 ris
472 362 598 418 medicis.
618 380 676 417 non
694 380 738 417 so·
765 364 1086 437 prohiueteoquodip-

61 429 312 486 exintesterarecit
335 430 388 484 sci·
415 431 475 486 lum
510 433 541 487 in
572 434 738 488 alexandria
766 435 804 489 sis
819 437 1010 492 scrutantibus
1028 455 1085 494 om-

59 503 129 556 rent
157 501 233 556 unde
261 503 291 558 et
320 517 388 569 quo·
416 503 511 557 sedin
525 503 590 557 aliis
604 504 738 573 gentibus
765 505 814 559 nia
831 508 983 563 manifesta
998 512 1083 578 atque

59 572 151 627 modo
170 571 276 626 mortui
293 574 389 627 essent
416 576 445 627 et
462 573 569 642 linguis
592 592 653 629 mos
676 577 739 629 crat
766 577 1086 648 adapertasuntetquid

65 642 193 698 senobis.
217 642 272 697 hoc
294 642 388 698 facere
415 646 448 698 ut
468 644 589 699 diximus
611 648 737 699 mortuos
767 646 906 703 dixerunt.

60 730 123 769 non
145 713 210 767 licit
227 713 296 782 quia
313 713 388 783 proi·
416 715 601 771 extentinare.
629 719 663 770 ut
685 717 738 770 sci-

59 785 160 839 bitnm
187 787 231 838 est
266 786 296 838 et
322 784 388 839 ideo
415 786 738 854 rentquomodomortui

62 854 170 910 dehoc
184 854 331 924 simplaria
344 873 389 910 ra·
416 859 519 911 essent.
533 857 675 912 sednobis
684 857 738 911 hoc

62 926 110 980 cio
141 925 225 980 nobis
255 926 390 981 reddetur
415 927 509 982 facere
517 944 575 981 non
584 928 660 983 licet.
671 927 753 1029 quia>

62 997 207 1066 quomodo
219 999 389 1052 contenean-
415 997 573 1067 proibitnm
595 1001 645 1053 est.
672 999 737 1054 ideo

61 1070 118 1124 tur.
148 1067 251 1136 quibus
278 1068 388 1123 ossibus
417 1069 452 1122 de
479 1069 533 1123 hoc
565 1045 753 1167 exemplario!

62 1138 110 1193 vel
129 1138 233 1206 quibus
246 1138 349 1195 nervis.
370 1157 387 1193 a
415 1139 497 1194 vobis
511 1140 646 1194 reddetur
663 1141 753 1195 ratio.

62 1209 238 1279 principium
416 1211 558 1278 quomodo
595 1195 753 1266 contincal

416 1299 486 1336 mur.
524 1281 626 1349 quibus
664 1260 753 1353 com-l

365 1389 372 1397 s
415 1351 738 1420 mensurisquibusossi-

416 1423 469 1476 bus
483 1423 586 1490 quibus
604 1424 738 1478 articula-

415 1493 527 1547 mentis.
538 1494 641 1562 quibus
651 1494 739 1548 etiam

415 1564 503 1619 venis.
523 1564 612 1636 igitnr
631 1565 737 1635 aprin-

416 1634 490 1703 cipio
499 1636 696 1691 membrorum.
707 1636 738 1690 id

415 1708 460 1759 est
491 1706 584 1775 capud
611 1709 739 1760 nostrum

415 1777 738 1844 exquolenimentacor-

414 1846 649 1971 goristprodeglnt.
662 1848 737 1902 ratio

435 1934 488 1972 uca
520 1935 587 1972 exor
619 1936 674 1972 um.

101 2005 236 2074 (3)caput
251 2007 386 2060 nostrum.
452 2009 489 2075 (3)
508 2005 601 2074 capud
613 2022 736 2073 namque
801 2009 839 2075 (3)
881 2007 967 2074 caput
1012 2005 1087 2059 enim

64 2092 129 2129 cum
146 2074 282 2128 missinae
304 2075 388 2128 habit
415 2079 543 2130 nostrum
575 2076 737 2130 commissu·
764 2078 899 2130 nostrum.
919 2092 1086 2130 commessu-

63 2146 96 2200 V.
108 2145 184 2200 sicut
193 2144 386 2214 scripsitsnm-
415 2164 461 2200 ras
493 2147 581 2201 habet
603 2147 637 2202 V.
664 2147 738 2200 sicut
765 2164 810 2201 ras
828 2147 917 2201 habet
936 2146 976 2201 .V.
997 2164 1085 2216 angu-

62 2234 126 2270 mus
152 2217 299 2270 anathomi
318 2233 387 2284 quo·
416 2217 565 2286 cripsimus
578 2217 737 2272 anathomi-
764 2218 848 2272 losas.
868 2217 1036 2272 alterutrum
1054 2235 1083 2271 se

62 2306 126 2341 rum
148 2287 297 2342 hirofilo
327 2305 387 2342 ma·
416 2305 511 2353 corum
529 2289 561 2342 id
575 2288 736 2343 estinveni-
765 2289 948 2343 continentes.
1013 2288 1086 2342 sicut

64 2358 167 2413 saulus.
182 2357 272 2412 habit.
288 2358 387 2412 incal-
414 2359 736 2430 turcompaginumyd-
765 2378 888 2414 summus
928 2359 1085 2413 anathemi-

61 2429 386 2484 variacummissurasV.
416 2431 734 2500 drophilusmedicus.
764 2448 812 2485 cus
831 2431 931 2484 filius
948 2433 1086 2484 memorat

62 2503 95 2554 ut
110 2499 231 2569 angulos
248 2500 386 2554 alterutro
414 2501 555 2556 masculus
587 2503 677 2556 habet
706 2502 736 2554 in
764 2502 868 2557 dicens.
894 2501 1036 2556 masculus
1054 2501 1085 2554 in

64 2587 93 2625 ss
126 2573 309 2625 contenentes
346 2571 386 2625 fe·
415 2571 540 2626 calvaria
574 2573 736 2627 commissu·
763 2574 847 2643 galea
885 2574 974 2628 habet
1010 2590 1084 2627 com-

62 2641 386 2696 minaveroincircuitu
413 2660 459 2696 ras
473 2644 506 2698 V.
527 2644 679 2714 angulosas
695 2644 735 2697 al·
762 2661 902 2699 messuras
919 2644 960 2700 .V.
980 2644 1085 2697 femina

62 2715 177 2767 tantum
194 2712 278 2767 habit
291 2713 386 2768 calva·
413 2715 552 2768 terutrum
584 2731 614 2768 se
646 2715 735 2769 conti·
763 2715 1084 2770 veroincircuitucom-

61 2783 106 2837 ria
116 2784 295 2853 superposita
309 2785 386 2852 quod
413 2788 520 2839 nentes.
544 2785 735 2840 seminavero
763 2803 902 2841 messuras
921 2786 1016 2839 habet.
1038 2785 1084 2838 cui

61 2853 140 2924 greci
155 2854 317 2924 apellantur
327 2871 386 2910 me·
413 2855 444 2908 in
458 2856 607 2910 circuitum
622 2859 735 2910 tantum
762 2855 1029 2926 galeasuperposita
1039 2857 1083 2909 est

62 2941 163 2980 canem
188 2928 267 2995 (—e).
301 2927 384 2994 quod.
413 2927 501 2981 habet
520 2927 675 2980 calvariam
689 2944 734 2980 su·
762 2928 838 2994 quod
864 2926 942 2996 greci
974 2925 1084 2978 mecani

62 2995 152 3050 coerit
183 2997 384 3052 membranum.
411 2997 594 3067 perpositam.
658 2998 735 3065 quod
762 2997 915 3067 appellant.
932 3014 985 3068 que
1001 2996 1083 3049 cohe-

62 3067 108 3120 cui
135 3067 314 3136 superposita
342 3070 386 3122 est
412 3085 494 3138 grece
509 3067 669 3138 appellatur
682 3068 734 3120 mi-
760 3068 1082 3134 retmembranosuper-

62 3140 149 3192 cutes.
177 3137 266 3192 habet
290 3141 385 3192 autem
413 3139 518 3194 charin.
536 3139 583 3193 cui
601 3155 734 3208 superpo·
760 3138 854 3208 posita
878 3141 921 3192 cst
946 3137 990 3191 illi
1010 3136 1082 3191 cutis

60 3208 183 3278 capillus
198 3225 256 3263 non
269 3211 385 3279 propter
413 3210 469 3264 sita
479 3213 523 3264 est
537 3209 618 3264 cutis.
633 3211 733 3263 habet
761 3227 823 3278 quae
845 3210 934 3263 habet
962 3207 1080 3276 capillos

61 3279 112 3334 sed
156 3281 189 3333 ut
233 3296 250 3333 a
290 3280 383 3335 fronte
412 3297 466 3349 que
481 3281 600 3350 capillos
618 3283 734 3350 propter
760 3298 818 3335 non
850 3297 935 3334 causa
964 3279 1080 3333 decoris.

60 3349 384 3477 &attollite
411 3351 733 3491 ttttttllffl
760 3351 1081 3492 tltlattlltt

59 3492 140 3547 verni
172 3493 307 3561 temporis
338 3510 382 3548 ce·
410 3495 492 3548 rebro
523 3496 619 3548 nostro
647 3493 732 3549 vesti·
760 3493 861 3549 todiat.

163 3572 281 3642 mai)
513 3575 562 3630 JV
574 3575 622 3643 (P)
883 3574 965 3642 mo)
