2392 3922
509 178 670 235 nursica„
1025 176 1091 243 253

430 374 486 459 (11.
509 377 742 460 Epilempticis.>

165 502 379 564 Remediorum
402 511 483 564 recte
507 503 707 565 adhibitorum
725 503 856 565 efficacia
880 521 998 582 semper
1021 500 1123 567 cau-5

73 611 179 655 sarum
201 590 298 652 bonos
321 593 418 654 exitus
442 593 634 654 confirmavit

168 679 297 742 latentes
324 679 528 762 epilempticus
557 683 670 761 gagatis
696 680 803 762 lapidis
830 680 981 743 admotum
1004 681 1092 742 lumi-

74 773 161 853 gium
179 787 300 849 semper
317 771 483 851 repentinis
502 769 621 832 casibus
638 769 809 851 publicarit.
844 769 901 832 hoc
919 769 956 831 de
975 772 1093 831 mancis
1120 784 1135 825 s

76 861 242 940 parietum,
268 857 325 919 hoc
353 858 390 919 de
418 865 549 920 stercore
577 878 684 921 canum
711 859 834 938 fumigio
862 857 1001 920 similiter
1027 859 1094 920 fieri

76 954 205 1009 constat.
252 954 374 1008 namet
402 955 521 1026 opertos
549 966 704 1029 caprarum
731 946 860 1028 pellibus
883 949 964 1008 siin
987 965 1094 1027 aquam

77 1035 200 1117 ingredi
223 1035 314 1097 iacias
337 1034 434 1097 litoris
457 1037 566 1098 infusis
583 1037 692 1117 plantis
715 1045 746 1098 et
771 1038 873 1118 tectis,
902 1035 1093 1115 epilempsiae

77 1127 180 1206 passio
205 1124 448 1186 commovebitur.
486 1125 624 1204 similiter
636 1128 726 1188 etiam
749 1127 776 1186 si
793 1143 881 1186 nares
901 1141 1004 1185 eorum
1023 1143 1094 1203 opo·

78 1213 213 1274 balsamo
236 1219 353 1295 tangas,
376 1213 520 1275 sollicitos
543 1215 748 1295 epilempticos
771 1212 942 1293 publicabit.
976 1221 1007 1274 ct
1029 1230 1136 1273 aca-1o

79 1305 145 1363 ciac
169 1300 293 1382 pulvere
316 1320 384 1363 enm
402 1321 477 1382 aqua
496 1301 589 1364 calida
612 1311 733 1384 accepto
756 1305 895 1365 continuo
919 1280 1049 1382 corr⁴epti
1068 1302 1095 1362 si
1121 1312 1123 1316 ‘

78 1392 203 1472 fuerint,
227 1389 407 1452 insanabiles
426 1399 523 1473 erunt,
546 1394 593 1453 sin
611 1411 681 1454 vero
700 1391 865 1473 sobriorum,
887 1390 1003 1453 facilius
1021 1390 1095 1451 libe·

78 1486 194 1541 rantur.
242 1479 298 1541 hoc
326 1479 362 1540 de
389 1480 551 1559 prodendis
565 1480 625 1541 ·vel
655 1481 868 1561 cognoscendis
896 1480 1094 1561 epilempticis

78 1570 268 1649 scripsimus,
291 1568 491 1630 remediorum
514 1588 594 1631 nunc
616 1588 691 1650 opus
715 1576 760 1631 est
783 1569 977 1632 ordinatione.

170 1658 314 1737 paeoniae
337 1657 423 1718 radix
445 1676 586 1738 maguum
603 1657 786 1738 praesidium
807 1665 946 1739 praestat,
969 1660 997 1718 si
1019 1657 1125 1722 colloli

78 1744 229 1824 alligatam
253 1745 439 1825 frequentius
467 1747 616 1809 odoretur.
662 1749 707 1809 sic·
728 1746 904 1827 halicacabi,
930 1748 974 1807 sic
1002 1744 1094 1825 lathy-
1109 1762 1137 1803 as

80 1835 156 1896 ridis
175 1834 293 1895 radices
306 1834 473 1896 medentur.
498 1843 527 1897 et
546 1843 703 1898 contusum
721 1835 907 1915 tithymalum
921 1853 989 1895 cum
1007 1833 1095 1894 aldtis

155 1992 169 2041 1
190 1986 219 2042 A
237 1987 311 2042 linea
328 2004 401 2043 occa
412 1989 571 2044 scribumur
587 1989 653 2045 boec
666 1991 698 2043 iu
715 1989 784 2056 cod,
799 1990 859 2043 aaa
871 1988 983 2043 rubrica
996 1993 1095 2042 tanao.

79 2060 206 2128 sequitur
232 2060 304 2113 enim
331 2076 390 2128 cap.
419 2060 452 2114 de
479 2061 669 2130 epilenrpticis,
698 2061 788 2115 eodem
810 2075 863 2129 qao
890 2074 975 2127 supra
998 2058 1096 2112 ordine

80 2131 114 2184 dc
132 2130 269 2185 dueum
286 2146 347 2185 curo
365 2131 474 2186 diceet
537 2136 555 2184 4
572 2148 606 2185 cc
623 2133 662 2186 eis
679 2147 749 2200 puae
766 2131 811 2185 bic
824 2135 953 2198 prosuae
970 2135 1097 2196 eccerpta

79 2207 148 2255 suat
165 2217 235 2270 qaae
253 2203 337 2256 tacito
354 2208 465 2258 metae
482 2202 515 2256 iu
532 2203 725 2257 additamentis
744 2201 845 2257 Galerii
861 2206 911 2255 oet.
926 2200 974 2254 lat.
992 2199 1098 2254 exbibet
1162 2199 1166 2205 ’

81 2273 167 2326 codex
190 2271 332 2326 Leodeusas
359 2279 439 2342 atque
465 2289 499 2328 ca
525 2274 611 2328 simili
639 2273 740 2327 Galesi
766 2271 917 2340 exemplari
944 2270 1097 2339 Garipotus

82 2343 107 2409 I,
123 2346 150 2396 6.
246 2348 263 2395 4
281 2342 407 2412 gagatis:
423 2344 459 2410 cf.
479 2344 557 2399 Alex.
580 2344 665 2398 Trall.
685 2345 724 2399 cd.
743 2343 811 2397 Bas.
822 2359 852 2411 p.
868 2347 905 2398 78
923 2342 981 2410 (lat.
1000 2343 1025 2408 Ι,
1041 2344 1095 2410 72).

81 2412 251 2467 deterseris
270 2412 357 2482 etiam
375 2412 529 2468 columbini
548 2414 642 2469 canini
660 2421 707 2470 etc.
728 2413 796 2469 Gar.
902 2411 1055 2482 fumigium.
1069 2415 1097 2469 B
1146 2422 1149 2428 '

83 2484 177 2552 (Neu,
195 2486 244 2554 pai
260 2501 324 2539 moa
339 2502 392 2554 pro
411 2484 472 2538 fieri
489 2487 600 2556 scripsit
612 2485 724 2555 fecere).
815 2489 832 2538 8
851 2486 963 2554 opertos
981 2491 1043 2540 etc:
1061 2487 1098 2552 cf.

83 2555 164 2608 Alea.
185 2555 201 2609 l.
221 2571 243 2610 c.
258 2554 340 2623 (Occi.
360 2556 415 2612 chr.
430 2561 456 2624 1,
476 2558 547 2625 12⁶).
697 2561 730 2611 10
749 2554 888 2610 sollicitus
902 2557 930 2624 (l.
946 2559 1035 2626 -tos)
1054 2572 1097 2627 ep.

83 2624 244 2695 publicavit
271 2628 304 2695 (l.
324 2626 416 2696 -bit)
440 2627 480 2682 B:
514 2625 662 2681 sollicitius
690 2644 732 2698 ep.
760 2627 920 2698 publicabis
948 2627 1019 2683 Nea.

85 2702 117 2750 11
143 2695 258 2765 pulvere
335 2699 450 2779 accepto
468 2704 516 2753 cte.
535 2699 581 2768 (cf.
598 2699 665 2756 Gor.
688 2701 718 2753 el
740 2698 852 2754 acaciae
874 2697 968 2768 pulvis
987 2715 1009 2753 c.
1029 2715 1055 2752 a.
1075 2716 1097 2753 c.

83 2769 219 2836 aceeptus
247 2784 311 2821 cum
342 2767 531 2838 compiuniur
557 2769 691 2826 continuo
720 2768 848 2839 liberat):
879 2768 1008 2838 pulveres
1035 2785 1100 2823 cnm

84 2854 109 2893 a.
131 2854 154 2892 c.
176 2838 342 2908 acceperint.
367 2838 500 2894 continuo
519 2856 587 2895 corr.
608 2841 632 2895 si
650 2841 668 2896 f.
688 2842 716 2897 B
735 2840 875 2911 (pulveres
895 2839 920 2893 si
943 2856 1006 2892 cum
1030 2855 1055 2893 a.
1074 2855 1098 2894 c.

83 2908 488 3036 iiipffiiifiiaii9¹¹i¹⁰⁰
507 2912 632 3039 widi
646 2912 665 2968 f·
684 2912 798 2996 Μ·
841 2981 852 3036 ι
895 2908 1098 3034 ididia&

152 3001 172 3034 ,ε
329 2999 349 3034 n
380 2998 394 3035 s
441 3024 448 3037 .
669 2999 768 3038 aecum
785 3001 805 3037 a.
916 2998 928 3033 a
997 3023 1002 3033 .
1091 3021 1098 3034 .

80 3069 112 3120 p.
127 3055 173 3107 83.
191 2998 229 3106 iit
243 3052 311 3108 Bas.
378 3051 452 3106 eollo
466 3051 616 3122 alligatam
627 3000 676 3123 (sic
690 3053 788 3122 Gorip.
804 2997 1036 3120 lycgiycontinue.
1048 3066 1099 3118 po-

83 3123 150 3176 tata
169 3124 281 3192 (inepte,
299 3129 331 3178 at
348 3124 424 3192 solet)
441 3124 582 3195 B(Ncu.).
610 3124 689 3181 addit
708 3123 772 3179 Gal.
794 3122 849 3176 hoc
871 3122 969 3174 auctor
991 3120 1098 3188 experi-

85 3194 278 3247 mentatorum
296 3193 420 3249 affirmat
437 3202 487 3250 aut
505 3192 608 3263 potius,
630 3195 714 3251 aaa
730 3194 810 3249 babet
827 3192 884 3248 cod.
903 3190 982 3245 Leid.
1002 3192 1100 3244 auctor

83 3264 226 3333 expertam.
301 3270 335 3319 16
354 3263 429 3320 alica
447 3264 547 3320 cacabi
564 3268 623 3334 (sic)
641 3266 669 3321 Β
683 3266 762 3333 (corr.
781 3263 863 3331 Neu.)
881 3262 900 3316 i.
920 3278 941 3315 e.
960 3259 1098 3328 strychni:

87 3335 125 3400 cf.
144 3335 226 3392 Alea
245 3336 262 3390 l.
281 3351 303 3391 c.
402 3334 553 3405 lathyridis
572 3337 615 3405 (cs.
636 3336 711 3391 Plio.
730 3338 779 3402 26,
796 3337 846 3388 62:
864 3331 975 3386 inutilis
992 3332 1100 3400 quidem

86 3408 112 3459 si
130 3422 187 3460 ooo
204 3408 322 3477 nepteo,
345 3413 436 3462 tameo
453 3408 555 3464 medico
578 3407 726 3477 lcthpn’dis
742 3404 827 3461 radia
844 3418 892 3460 sce.
911 3401 1100 3459 Dioscoridcm

84 3479 215 3600 toliis
228 3477 504 3618 ”satiasset
516 3475 685 3620 {iiiiii
700 3474 844 3604 biba
881 3477 914 3528 ¹⁷
933 3475 963 3538 ⁶³
981 3474 1100 3569 Μ
