2392 3924
139 196 181 262 68
450 201 641 252 THEODORI
659 200 838 252 PRISOIANI

139 382 239 424 verem
263 381 422 442 aspergere
446 365 595 444 coeperis,
620 363 869 443 perunguendum
893 371 939 424 est
961 363 1070 425 vulnus
1093 367 1157 444 pice

140 452 291 512 solutiore.
329 451 417 512 aliud.
450 451 627 531 particulam
640 455 717 513 utris
731 453 847 534 vinarii,
865 454 997 513 resinam
1012 470 1049 513 cx
1064 471 1157 532 aequo

140 539 297 601 combures
331 547 360 600 et
392 542 487 601 uteris
519 539 641 619 pulvere
674 539 808 601 colletico
841 547 871 600 et
902 543 954 620 qui
985 541 1158 620 frequenter

140 630 294 707 sanguinis
322 629 435 689 fluxum
458 627 553 689 valeat
576 629 743 707 prohibere.
791 635 821 688 et
843 629 1057 708 mandragorae
1081 630 1158 691 loliis

112 719 219 777 atritis
248 736 316 778 cum
339 719 407 777 vino
436 724 466 777 et
494 736 569 795 aqua
597 717 717 778 altiores
744 735 907 796 percussus
935 717 1158 796 cataplasmahi-

140 824 217 886 mus⁷
236 824 310 884 qnae
327 806 567 885 compendiosius
585 805 796 884 percurabunt.
833 805 921 866 aliud.
954 805 1026 866 mali
1044 809 1159 886 gramd

140 913 230 973 grana
255 892 352 955 dulcia
375 901 458 955 cocta
481 896 513 955 in
532 897 600 954 vino
620 894 793 972 diligentins
814 896 941 954 terimus
960 901 991 954 et
1014 897 1159 956 invicem

140 983 357 1062 cataplasmatis
385 982 574 1064 adhibemus,
608 982 788 1044 adiutorium
819 982 985 1061 probatum.
1032 1001 1103 1044 nam
1130 989 1158 1043 et

139 1072 275 1132 betarum
300 1071 435 1132 surculos
458 1074 591 1150 exceptis
611 1070 689 1131 loliis
708 1070 802 1131 elixos
822 1078 852 1131 et
869 1074 957 1132 tritos
976 1073 1157 1151 imponimus

100 1173 127 1213 10
141 1161 279 1221 similiter
301 1160 481 1240 profuturos.

86 1247 129 1312 66
230 1251 257 1309 si
275 1251 357 1309 canis
377 1266 480 1308 morsu
495 1249 561 1326 quis
579 1248 670 1308 luerit
684 1247 864 1328 vulneratus,
879 1250 1020 1309 continuo
1036 1251 1157 1328 spongia

139 1356 214 1416 aqua
237 1337 344 1422 frigida
368 1337 466 1396 inlusa
490 1343 540 1397 ant
564 1335 692 1415 oxymeli
715 1336 894 1415 imponenda
918 1342 977 1416 est,
1002 1355 1078 1416 quae
1102 1337 1157 1397 fre-

141 1432 267 1504 quenter
291 1424 398 1485 exhinc
421 1424 570 1503 irriganda
590 1427 655 1485 erit.
697 1426 794 1503 primo
813 1443 883 1485 vero
903 1425 1040 1485 eiusdem
1058 1425 1156 1486 vulne·

139 1515 197 1573 rati
224 1513 296 1573 lotio
320 1512 427 1573 viduus
457 1513 652 1574 secundum
683 1513 819 1591 lysiccs
852 1512 1078 1574 fomentandum
1106 1520 1156 1574 est.

101 1614 127 1656 1⁶
142 1609 172 1662 et
190 1603 273 1680 porri
292 1619 360 1661 cum
378 1600 466 1661 melle
485 1603 549 1662 triti
568 1609 598 1662 et
616 1603 749 1680 impositi
757 1601 872 1682 ‘eodem
889 1601 978 1661 modo
992 1602 1155 1663 medentur.

141 1697 171 1750 et
203 1689 324 1750 lacrima
357 1689 472 1750 arboris
505 1690 580 1750 licus
610 1692 752 1750 continuo
781 1691 807 1749 si
833 1707 962 1771 unguas,
993 1690 1052 1750 hoc
1080 1691 1156 1751 idem

61 1792 63 1796 ’
140 1784 279 1858 praestat.
326 1785 356 1839 et
383 1779 524 1857 spongiae
553 1778 637 1838 rudis
666 1777 836 1838 combustae
864 1780 941 1838 cinis
969 1796 1039 1838 cum
1067 1777 1156 1858 liqna-

140 1870 220 1927 mine
244 1868 318 1928 ficus
341 1869 452 1927 mixtus
471 1885 526 1945 par
543 1866 722 1927 beneficium
741 1866 819 1927 facit.
866 1865 953 1926 aliud.
996 1865 1074 1928 sales
1096 1868 1157 1927 triti

141 1958 174 2016 in
202 1955 324 2017 linteolo
353 1955 436 2034 ligati
464 1957 495 2015 in
524 1962 607 2016 aceto
631 1955 838 2035 infunduntur,
860 1961 891 2014 et
914 1973 950 2015 ex
973 1953 1030 2015 hoc
1053 1955 1156 2016 vulnus

102 2057 129 2098 2⁰
143 2045 256 2105 tamdiu
269 2043 478 2124 baptizandum
493 2051 539 2104 est
552 2043 599 2104 vel
617 2042 833 2104 infundendum
848 2043 990 2122 quamdiu
1004 2061 1042 2103 ex
1057 2042 1156 2103 eodem

213 2220 227 2268 1
243 2214 516 2286 per(p)nnguendum
527 2215 621 2269 holel:
636 2215 793 2283 pre(p)u'ng.
808 2214 864 2266 rB.
942 2211 1006 2280 pice
1025 2212 1156 2267 solutiora

140 2286 230 2354 edici„
244 2285 311 2356 pige
321 2284 461 2339 solutione
471 2283 577 2355 B(pioe
587 2283 738 2353 liquidab).
793 2289 809 2336 2
826 2282 905 2336 eliud
919 2302 934 2339 r
946 2283 1021 2339 Gela
1037 2300 1087 2339 om.
1102 2283 1155 2338 Bb.

140 2355 330 2410 resinamrB:
340 2355 518 2424 resinamque
528 2355 595 2421 Get„
615 2356 644 2407 ab
660 2354 783 2408 resinam
793 2356 817 2409 b.
872 2359 888 2406 3
903 2353 1051 2409 combures
1066 2355 1156 2410 odet:

141 2426 215 2479 -ris
234 2426 292 2480 rB.
373 2425 516 2480 colletico:
536 2424 682 2478 collectico
700 2444 723 2493 r,
743 2424 861 2478 collecto
881 2425 937 2492 bB‚
956 2423 1083 2480 collitico
1104 2425 1156 2480 oet

142 2499 171 2550 et
189 2496 239 2564 qui
256 2496 383 2551 rBGel.:
403 2496 452 2564 qui
472 2498 495 2551 b.
557 2495 718 2564 frequenter
735 2498 771 2551 rb
783 2496 858 2551 Geir
877 2513 927 2550 cm.
947 2496 982 2549 B.
1057 2495 1157 2549 fluxum

141 2568 191 2622 rb:
211 2566 302 2619 fluxus
321 2566 418 2620 BGel.
474 2564 586 2620 4foliis
604 2565 679 2619 tritis
695 2568 766 2622 Geb:
785 2565 856 2620 folia
873 2565 943 2620 trita
956 2566 1036 2620 ch.
1092 2563 1157 2620 bel·

141 2635 229 2691 tiores
247 2653 396 2706 percussus
414 2638 451 2691 rb
464 2638 534 2692 θοις
554 2654 604 2691 om.
623 2637 659 2691 B.
773 2643 789 2690 5
808 2635 1081 2706 cataplasmahimus
1099 2636 1157 2691 bB:

143 2707 269 2762 -vimus
288 2708 373 2762 rGel.
434 2712 450 2760 6
469 2725 495 2776 q.
511 2723 533 2762 c.
548 2707 738 2776 percurabunt
757 2709 784 2763 b:
804 2725 830 2776 q.
850 2723 873 2762 c.
892 2709 1080 2777 percurarnnt
1094 2707 1157 2773 ou,

142 2796 192 2832 om.
212 2779 267 2833 rB.
341 2776 421 2831 aliud
439 2778 550 2834 lacet:
569 2777 638 2832 itam
656 2797 679 2847 r,
699 2796 749 2834 om.
769 2780 792 2833 b.
880 2776 1012 2831 idulcia
1030 2795 1082 2833 om.
1101 2780 1125 2833 b.

143 2847 309 2919 diligentius
327 2851 364 2904 rb
375 2849 449 2904 Get:
470 2851 548 2902 -ter
566 2850 601 2903 B.
653 2855 685 2903 11
704 2848 766 2918 quis
784 2848 871 2902 fuerit
888 2849 974 2905 th:
993 2847 1082 2904 fixerit
1098 2846 1158 2917 quis

143 2921 203 2977 eet
277 2925 310 2973 12
330 2936 405 2988 aqua
423 2922 459 2975 rb
471 2920 542 2975 Get:
563 2922 613 2974 aut
630 2921 666 2975 B.
744 2918 867 2988 oxymeli
885 2921 972 2989 (obl.):
992 2918 1121 2974 oximelli
1135 2936 1157 2986 r,

143 2990 290 3046 oxmellita
308 2992 367 3060 (cic)
386 2991 426 3058 Β,
455 2989 594 3053 oximeliti
618 2992 690 3060 Get,
718 2989 821 3045 oximel
845 2992 868 3045 b.
1001 2996 1036 3044 13
1061 2989 1156 3046 exhinc

142 3063 273 3119 rBGel.:
293 3062 399 3116 exhoc
418 3063 441 3116 b.
536 3061 720 3117 eritBGel.:
740 3063 845 3116 estrb.
918 3059 1010 3130 primo
1028 3061 1155 3118 raon:

142 3132 220 3204 prius
240 3135 263 3189 b.
320 3138 353 3186 16
372 3131 491 3186 lacrima
506 3134 577 3189 θοις
597 3138 680 3187 -ιηῖι
698 3134 723 3200 b,
742 3148 823 3185 -mo
837 3132 892 3187 rB.
947 3131 1017 3185 ficus
1031 3132 1156 3188 Boou:

142 3203 189 3258 fici
206 3223 229 3259 r.
303 3203 328 3257 si
346 3220 455 3273 ungues
475 3206 611 3274 (unguens
629 3205 676 3272 rb)
694 3203 777 3258 er:
797 3201 920 3256 inunctis
940 3202 1008 3257 det..
1095 3201 1123 3258 h
1140 3199 1162 3254 ἰ’

141 3277 271 3344 praestat
283 3294 299 3329 r
309 3275 367 3330 eet.
379 3273 487 3344 (statim
501 3275 629 3328 medetur
639 3276 680 3344 b):
695 3274 722 3329 h.
738 3273 756 3328 i.
771 3275 900 3343 praestas
914 3273 950 3328 B.
1006 3277 1041 3326 18
1055 3274 1156 3327 ficusr:

143 3362 193 3400 oen.
213 3347 261 3399 Bb
274 3346 333 3401 eet.
393 3362 446 3416 par
463 3346 560 3401 ridel:
580 3345 725 3415 proprium
742 3346 771 3398 B
789 3347 848 3414 (ubi
865 3345 954 3414 simpl.
973 3342 1028 3397 hoc
1042 3344 1113 3398 facit
1125 3344 1156 3411 b).

144 3415 229 3487 aliud¹
242 3417 315 3472 θεῖα
334 3415 403 3470 ilem
421 3435 444 3483 r,
463 3433 514 3471 om.
532 3417 568 3471 B.
641 3421 675 3469 19
694 3415 903 3470 confunduntur
922 3415 980 3470 Get.
1041 3414 1157 3485 elz-(20)

143 3484 348 3539 infundendum
366 3503 415 3542 om.
436 3489 460 3542 b.
516 3491 551 3540 20
568 3486 773 3556 baptizandum
790 3487 887 3541 rGelr
907 3484 1108 3555 aptidiandum
1124 3483 1156 3538 B.

144 3572 178 3618 ex
197 3557 296 3611 eodem
314 3560 361 3627 (ex
380 3573 412 3611 eo
432 3559 458 3626 b)
476 3556 591 3611 vulnere
610 3560 646 3613 rb
658 3558 730 3613 θεὶς
749 3574 799 3613 om.
819 3558 854 3612 B.
