2392 3922
119 192 186 258 413
451 188 797 241 renunc-rnaonoar

121 352 210 422 ipsius
234 347 378 402 calidioris
401 346 516 402 virtutis
540 349 591 401 000.
615 361 735 400 renum
757 343 898 414 lapides
918 343 1143 417 <in>arenam

121 429 319 485 confractos
339 426 488 481 deducit.

68 516 119 566 100
194 507 282 576 Opus
302 505 506 575 cyrenaicus
526 505 652 559 omnium
669 503 789 559 calidior
812 506 843 558 00
866 504 960 558 tenuis
984 505 1041 574 est,
1065 506 1143 560 unde

121 591 151 643 00
169 591 292 641 tumores
317 585 433 656 spargit.
459 602 511 639 nec
533 600 591 638 non
610 586 639 638 00
656 582 750 656 <alii>
769 583 891 637 nimium
913 582 1002 637 calidi
1026 587 1143 639 suntet

120 665 324 722 ventositatem
341 664 459 733 faciunt,
478 664 509 716 id
528 664 573 717 000
590 661 716 716 medicus
736 665 766 717 et
785 663 919 732 syriacus.
1167 677 1179 719 a

69 754 121 802 106
194 745 337 798 Ostreae
355 747 431 798 testa
450 743 509 798 sive
529 741 671 811 conchylii
685 757 734 796 seu
753 742 857 811 coclea,
877 742 972 796 omnia
991 743 1143 797 combusta

120 824 236 880 virtutis
252 826 318 877 sunt
331 823 438 878 nimiae
451 822 605 892 praecipue
793 821 818 875 si
832 820 895 890 quis
910 824 1021 876 ostreae
1036 824 1144 877 testam

122 902 309 959 combusserit
327 906 356 957 et
374 902 520 972 pulverem
538 900 650 970 fecerit,
673 900 744 955 facit
763 902 801 955 ad
824 900 934 955 fistulas
952 900 999 955 vel
1018 902 1058 956 ad
1077 901 1143 957 alti-

122 984 252 1039 tudinem
269 982 402 1037 vulneris.
423 981 548 1036 omniurn
565 997 632 1035 vero
650 982 790 1035 testarum
802 980 934 1050 pulveres
955 980 1056 1034 dentes
1074 980 1143 1034 niti·

124 1065 216 1119 diores
235 1063 353 1132 faciunt,
373 1065 402 1116 et
420 1061 552 1132 gingivas
571 1057 761 1129 consolidant,
787 1058 921 1113 tollunt
940 1059 1048 1114 etiam
1067 1076 1142 1114 cru·
1156 1075 1179 1114 ro

126 1145 279 1199 ditiones
298 1142 429 1197 ventris
447 1142 527 1211 post
544 1141 681 1208 partum
698 1139 888 1193 mulierum.

72 1229 123 1279 107
195 1222 452 1277 Petroselinum
470 1220 606 1274 virtutem
623 1217 712 1272 habet
730 1218 854 1273 calidam
873 1221 902 1274 00
921 1219 1034 1274 siccam.
1054 1219 1142 1275 nimie

124 1296 212 1357 etsam
232 1318 295 1355 acre
314 1304 344 1355 et
362 1317 490 1354 amarum
508 1298 603 1371 (est),
622 1300 767 1352 menstrua
781 1315 893 1367 quoque
913 1300 942 1352 00
960 1298 1059 1352 urinas
1078 1317 1142 1368 pro-

123 1384 215 1436 vocat.
235 1384 265 1435 et
284 1397 363 1434 renes
382 1383 487 1449 purgat
505 1381 535 1433 et
552 1377 740 1433 ventositates
759 1377 852 1432 solvit.

72 1466 123 1514 108
194 1459 255 1511 Pix
275 1459 367 1511 sicca
381 1457 496 1525 quidem
510 1457 644 1511 calefacit
656 1457 776 1511 nimium
790 1460 819 1512 et
833 1457 929 1513 siccat.
948 1456 1062 1525 liquida
1076 1474 1142 1512 vero
1155 1471 1177 1512 15

124 1540 271 1605 extenuat,
301 1536 422 1603 deniqne
449 1535 521 1589 facit
550 1535 587 1588 ad
612 1535 764 1604 suspirium
786 1537 858 1610 <00>
881 1538 918 1591 ad
942 1553 990 1591 eos
1014 1537 1064 1605 qui
1090 1557 1142 1606 pus

124 1617 255 1684 eiectant,
275 1615 300 1668 si
319 1615 382 1683 quis
402 1631 436 1669 ex
454 1613 570 1668 cocliari
589 1631 654 1667 cum
667 1616 751 1670 melle
765 1617 885 1671 mixtum
899 1619 929 1670 et
943 1617 1143 1686 despumatum

123 1697 202 1752 velut
221 1695 386 1751 electarium
405 1693 523 1748 dederit.
546 1710 656 1762 ungues
679 1713 791 1765 quoque
813 1697 939 1766 leprosos
962 1714 1027 1750 cum
1047 1701 1141 1752 ceroto

123 1778 214 1831 mixta
231 1777 347 1847 purgat,
371 1773 552 1844 impetigines
577 1777 658 1829 curat
681 1778 710 1830 00
732 1779 855 1831 tumores
878 1775 1037 1846 indigestos
1061 1795 1141 1847 prae-

124 1858 283 1912 cordiorum
306 1856 402 1924 durat,
426 1854 450 1907 si
473 1871 538 1907 cum
561 1854 768 1924 cataplasmate
787 1856 941 1910 commixta
962 1855 1058 1912 fuerit.
1085 1858 1139 1912 for·
1152 1871 1174 1912 ac

123 1939 226 1993 tiorem
245 1952 311 2006 ergo
330 1934 441 2004 liquida
459 1932 596 1989 virtutem
614 1936 710 1990 habet.

72 2024 123 2072 109
196 2015 374 2084 Pomfolyx
393 2014 415 2067 si
435 2014 496 2068 lota
514 2013 601 2069 fuerit
626 2015 772 2069 sicciorem
795 2014 930 2069 virtutem
947 2015 1037 2070 habet
1057 2020 1086 2071 et
1105 2017 1141 2070 ad

125 2097 220 2150 omnia
243 2096 370 2164 maligna
392 2093 517 2149 vulnera.
542 2096 571 2148 00
595 2095 655 2148 sine
679 2094 837 2149 acritudine
861 2095 961 2164 siccat,
989 2098 1019 2150 et
1043 2099 1140 2165 aptum

124 2177 246 2230 manime
265 2175 441 2230 medicamen
459 2174 680 2229 cancromaticis.

72 2263 124 2311 110
196 2256 298 2324 Piper
316 2254 455 2323 longum
473 2254 550 2322 quod
566 2254 658 2323 primo
681 2254 807 2309 nascitur
831 2255 905 2309 sicut
931 2255 1026 2309 nuclei
1049 2256 1172 2325 floresco

125 2339 168 2390 est
190 2335 306 2389 virtutis
329 2334 491 2389 umectioris
516 2334 553 2387 ad
577 2334 824 2403 comparationem.
848 2335 930 2405 piper
952 2351 1019 2389 vero
1044 2337 1140 2390 album

197 2535 211 2580 1
232 2528 250 2582 l.
266 2527 289 2580 la
308 2542 422 2580 arenam
441 2526 598 2581 confractos
611 2528 644 2582 G.
700 2529 776 2583 tDe
796 2529 960 2598 oposcirine.
981 2529 1058 2599 Opus
1078 2531 1140 2585 ciri-

124 2598 189 2651 naie
206 2601 209 2666 Ι
226 2598 305 2650 00100
325 2596 420 2650 omniu
440 2595 473 2650 G.
549 2605 566 2651 4
584 2597 707 2669 ispargit
727 2600 753 2655 G
817 2600 869 2654 alii
887 2603 993 2656 addidi.
1013 2603 1047 2669 cf.
1067 2603 1138 2658 Orib.

124 2668 198 2721 Nam
217 2667 275 2721 alia
295 2671 332 2736 (p.
347 2669 424 2733 203).
516 2669 675 2724 timedicos
695 2673 738 2725 est
754 2674 758 2740 Ι
775 2671 917 2725 siriaticus
938 2672 972 2727 G.
1065 2674 1140 2727 6De

125 2739 218 2793 ostric.
240 2736 504 2817 000010000000100
526 2739 654 2793 conciliis
676 2741 819 2809 eccloclea
840 2742 873 2797 G.
947 2744 1086 2798 conbusta
1107 2745 1138 2798 G.

126 2817 140 2864 'i
158 2813 162 2879 Ι
178 2816 215 2880 (p.
231 2812 299 2876 172)
320 2807 434 2861 01000010
453 2813 468 2861 s
485 2808 572 2864 nimie
590 2811 724 2881 precipue
744 2813 774 2866 Si
793 2813 857 2881 quis
874 2815 900 2869 G
913 2815 987 2884 (Gai.
998 2816 1071 2881 XII,
1087 2820 1141 2869 346

124 2883 159 2949 cf.
173 2882 216 2936 Or.
229 2878 420 2948 desiccativa).
483 2880 569 2934 ostric
578 2884 655 2936 00000
668 2883 701 2937 G.
758 2884 893 2938 8fistolas
905 2886 938 2940 G.
1001 2885 1046 2940 vel
1067 2886 1140 2941 adti-

124 2952 253 3006 tudinem
264 2952 325 3017 (sic)
338 2951 371 3004 G.
428 2953 561 3005 alestorn
570 2952 671 3021 pulver
681 2955 715 3009 G.
758 2959 792 3006 10
811 2955 928 3008 consold
938 2959 969 3010 at
978 2956 1055 3010 toll&
1066 2957 1142 3011 enim

125 3021 292 3076 eruditionis
305 3022 337 3075 G.
385 3027 417 3074 12
428 3021 470 3075 De
479 3023 659 3091 petrosileno.
674 3023 873 3091 Petrosylenus
885 3026 918 3079 G.
965 3033 998 3079 14
1009 3027 1095 3081 solv&
1106 3030 1140 3084 G.

125 3098 159 3146 16
177 3093 219 3146 De
237 3091 307 3160 pice.
327 3091 393 3145 Pice
413 3091 488 3147 sicca
504 3094 537 3149 G.
594 3100 627 3148 16
642 3093 692 3162 qui
710 3109 772 3147 osse
790 3093 901 3147 iactant
917 3095 943 3148 G
958 3093 1141 3169 (ἐμπυικούς).

125 3168 159 3217 iv
179 3181 213 3216 ex
231 3162 347 3216 cocliari
365 3165 416 3232 001
435 3168 550 3233 (0173)
570 3182 634 3218 cum
651 3163 735 3218 melle
756 3163 788 3218 G.
863 3163 1026 3233 dispumacn
1047 3169 1082 3226 G.

125 3239 158 3287 18
178 3233 336 3288 elactuariu
356 3233 389 3289 G.
463 3235 588 3290 lebrosos
610 3236 644 3290 G.
735 3239 768 3287 19
786 3232 877 3287 001000
899 3237 931 3291 G.
1025 3237 1083 3306 inp.
1106 3242 1141 3296 G.

123 3305 242 3374 poordisr
262 3307 294 3359 G.
368 3311 402 3360 20
422 3305 598 3376 cataplasma
616 3304 758 3360 conmixta
779 3305 812 3360 G.
891 3311 923 3358 al
944 3305 1085 3373 liquidam
1105 3312 1141 3366 G.

124 3382 159 3429 22
178 3377 220 3430 De
238 3376 382 3446 pomfolia.
401 3377 541 3432 Pomfolia
560 3377 585 3430 si
603 3377 663 3431 lata
683 3377 709 3432 G
728 3373 765 3445 (el
781 3377 922 3444 πλυθείη).
1017 3382 1052 3428 23
1072 3385 1142 3448 apte

124 3447 279 3501 maximum
299 3449 332 3504 G.
388 3454 421 3502 25
440 3449 481 3502 De
500 3448 582 3516 piper
598 3447 721 3516 longum.
740 3446 770 3500 P.
789 3443 807 3499 l.
829 3446 862 3500 G.
918 3444 995 3498 nucli
1013 3444 1143 3531 flores&

124 3537 164 3591 sic
184 3538 210 3592 G
229 3536 361 3606 (florescit
382 3538 474 3606 00011).
602 3542 635 3590 26
655 3535 691 3587 ad
711 3533 942 3602 conparationem
964 3530 1140 3622 piperQG.
