2392 3922
82 155 147 220 218
406 157 597 208 rnuononr
615 157 796 209 rnrscmnr

81 322 220 384 familiari
243 319 462 400 amplectuntur
490 323 657 382 ministerio
685 319 825 402 naturali,
854 328 888 381 ut
915 322 948 381 in
971 320 1098 400 singulis

80 413 173 472 totius
188 411 322 489 corporis
337 409 503 471 substantia
517 417 633 471 constet
651 417 682 471 et
700 408 825 471 alterum
844 409 967 470 alterius
986 410 1097 471 auxilio

81 498 272 579 gubernetur.
319 498 446 578 ideoque
474 501 533 560 nisi
560 501 728 579 praeceptis
756 505 786 560 et
812 499 968 560 adiutoriis
998 499 1098 560 catho-

81 588 147 649 licis
170 590 268 666 primo
292 589 440 669 inventur,
463 587 549 648 aliter
566 588 762 667 particulares
786 606 891 649 causae
915 589 1017 648 curari
1039 606 1099 649 non

54 683 230 757 apoterunt.
260 695 319 755 qua
337 676 374 738 de
389 695 422 737 re
437 679 495 737 erit
508 677 595 737 nobis
609 695 690 738 nunc
703 695 843 738 curarum
855 684 1099 756 praeceptorum-

81 784 139 845 que
167 764 323 826 exordium
355 766 586 847 disponendum,
618 767 789 845 insequenti
821 767 911 827 etiam
942 765 1099 844 particulis

81 853 253 915 famulabor.

29 939 92 1005 116
170 945 309 1003 convenit
327 945 358 1003 in
380 944 528 1022 principio
548 943 711 1004 arthriticis
733 942 901 1022 podagricis
925 942 972 1004 vel
991 943 1097 1005 ischia-

81 1032 170 1112 dicis,
198 1031 308 1111 quibus
331 1031 368 1092 de
392 1035 489 1111 capite
517 1050 620 1092 reuma
646 1031 811 1093 resolutum
835 1032 1022 1093 descendens
1043 1031 1096 1092 has

41 1135 67 1175 10
80 1123 235 1201 passiones
259 1120 342 1201 fecit,
371 1123 456 1199 prius
479 1122 578 1199 ipsum
605 1128 694 1200 caput
720 1119 785 1180 oleo
809 1138 896 1181 roseo
920 1121 1028 1199 frigido
1050 1120 1096 1180 vel

81 1212 190 1270 ceteris
218 1209 365 1270 similibus
395 1211 530 1288 stypticis
560 1209 749 1270 fomentando
777 1211 942 1288 constringi
970 1216 1000 1270 et
1028 1208 1095 1270 soli-

81 1299 155 1380 dari,
179 1298 287 1358 dehinc
309 1298 451 1358 inferiora
473 1301 603 1359 transitu
626 1297 760 1359 eiusdem
778 1301 920 1358 reumatis
939 1297 987 1359 vel
1010 1298 1097 1358 sedu-

80 1386 162 1447 litate
185 1393 289 1447 venata
308 1387 411 1447 calidis
429 1386 539 1447 resolvi
556 1387 603 1447 vel
622 1387 791 1468 depurgari,
813 1396 847 1447 ut
865 1395 912 1448 est
930 1385 989 1447 olei
1008 1405 1097 1448 cucu-

79 1520 248 1575 corrioribus
272 1521 303 1590 V,
322 1521 395 1591 (sub)
415 1521 577 1591 corporibus
596 1524 635 1576 B:
660 1520 794 1593 (singula)
812 1520 994 1576 interioribus
1011 1540 1027 1578 r
1045 1521 1098 1591 (in-

79 1590 228 1674 ferioribus
246 1592 379 1646 membris
394 1611 419 1664 9,
437 1594 564 1648 membra
582 1591 717 1647 inferiora
737 1594 824 1663 Gon),
843 1591 967 1663 (singula
985 1592 1025 1661 in)
1039 1610 1098 1647 cor-

81 1663 439 1818 ponllursnildielterioftara
458 1734 592 1803 mysterio
611 1731 761 1805 Vp(Gel.)',
780 1733 906 1789 misterio
916 1736 968 1794 ΨΒ.
1024 1734 1096 1788 tal-

79 1824 172 1876 terum
190 1823 292 1893 (Gor.):
313 1823 391 1892 altr,
411 1822 484 1877 alter
501 1823 597 1894 polet„
618 1822 708 1877 altera
728 1825 786 1893 (sic)
805 1823 869 1879 VB.
960 1828 976 1875 3
994 1821 1096 1891 guber·

79 1895 162 1947 netur
180 1894 279 1965 rVBq
298 1896 343 1963 (cf.
364 1894 455 1963 Gart:
479 1895 618 1947 -nentur
641 1894 700 1948 eei.
813 1893 934 1963 ideoque
956 1894 1012 1948 VB
1023 1894 1095 1949 Get:

79 1964 154 2017 unde
173 1983 193 2035 q
211 1965 307 2034 (qnod)
326 1984 348 2033 r,
368 1966 442 2019 unde
456 1966 583 2035 9(Gar.).
638 1970 654 2018 6
673 1967 807 2033 potenmt
819 1966 947 2035 Bpolelc
966 1962 1058 2017 -rint
1072 1983 1095 2030 r,

78 2037 232 2104 potuerunt
254 2036 281 2090 V
293 2037 421 2104 (possunt
440 2037 527 2105 Gor).
636 2052 693 2104 qna
719 2035 802 2089 dere
826 2035 881 2089 erit
899 2053 949 2092 om.
964 2052 988 2090 r.

78 2108 348 2175 praeceptorumque
367 2106 513 2160 exordium
530 2106 676 2177 disponere
691 2107 768 2161 rVB
783 2105 999 2177 (disponendum
1013 2105 1096 2174 Gall:

79 2179 257 2316 tttttm
286 2177 340 2302 ‘lt
363 2177 524 2317 tatttt
541 2176 1098 2319 ttttlmdttttttdtttt

79 2266 259 2402 particularis
282 2337 305 2373 r.
432 2326 449 2372 8
473 2318 610 2374 Convenit
629 2364 634 2375 .
652 2360 657 2371 .
674 2363 679 2373 .
698 2320 763 2374 bico
789 2321 944 2389 capitulum
969 2320 1099 2400 altiorum

79 2388 541 2541 lunataldllbl'dissolrerltalld?llolnrtum
556 2390 916 2530 GlorlJSOIUlulllipldud—lla
933 2389 1098 2515 erldlddrl:

80 2530 197 2584 solidam
214 2549 232 2602 p
250 2532 317 2598 (non
338 2532 423 2599 Gan).
542 2536 575 2585 12
600 2531 752 2586 sedulitate
776 2532 832 2588 VB
848 2533 919 2588 eet:
946 2529 1099 2585 debilitate

79 2601 210 2671 offlam).
320 2607 352 2655 13
379 2604 483 2656 vexata
510 2604 542 2656 ut
570 2605 614 2656 est
630 2605 634 2671 Ι
650 2602 706 2657 olei
733 2602 820 2656 calidi
848 2600 953 2658 resolvi
977 2600 1025 2656 vel
1051 2603 1099 2657 de-

79 2671 203 2741 purgari.
222 2670 290 2726 item
310 2673 497 2727 cucumerarii
514 2673 561 2728 vel
579 2673 729 2729 fricatione
746 2673 902 2743 perunctio.
925 2672 1098 2728 flebothomo

79 2741 267 2811 perveniendo
292 2743 322 2812 V,
346 2746 450 2798 vexata
474 2746 524 2799 aut
543 2761 576 2799 ex
599 2746 662 2800 oleo
681 2745 774 2805 calido
792 2763 814 2800 r.
834 2765 859 2800 v.
880 2745 907 2800 d.
926 2744 996 2798 item
1015 2760 1099 2798 cucu-

79 2812 193 2868 meratii
210 2813 256 2868 vel
273 2813 420 2869 fricatione
434 2815 481 2870 vel
493 2817 676 2885 perunctione
689 2817 870 2872 flebotomum
888 2814 1097 2886 praeveniendo

13 2912 15 2918 ·
80 2885 117 2954 Β,
134 2887 239 2939 vexata
256 2883 286 2954 id
305 2887 349 2940 est
367 2885 460 2941 calido
479 2887 598 2942 resoluit
614 2888 661 2944 vel
678 2886 836 2956 depurgari
855 2887 898 2941 ita
913 2886 1098 2940 cucumaratii

80 2955 127 3016 vel
139 2955 303 3011 fricationes
316 2957 471 3025 perunctio.
489 2958 659 3014 fleuothomo
672 2957 866 3012 subvenienda
876 2959 946 3028 estq
956 2959 1001 3027 (cf.
1009 2957 1097 3027 Gan),

80 3030 184 3082 vexata
209 3027 269 3082 fotu
293 3027 349 3082 olei
372 3027 459 3082 calidi
481 3029 586 3084 resolvi
604 3048 629 3084 v.
654 3029 679 3083 d.
703 3027 772 3082 item
795 3044 853 3083 cuc.
876 3027 923 3082 vel
945 3027 1097 3083 fricatione

80 3097 128 3161 rel
144 3097 335 3168 perunctione.
361 3099 542 3168 phlebotomo
560 3098 737 3170 prohibendi
757 3099 814 3152 Gal.
842 3101 910 3154 citio
928 3101 961 3153 tn
978 3101 1023 3154 bio
1041 3117 1096 3155 om·

78 3170 163 3224 aibas
176 3187 210 3225 ec
222 3172 421 3239 anticipatione
434 3173 466 3225 la
479 3173 623 3241 archetypo
636 3171 738 3225 codicis
751 3168 897 3223 Varronec
906 3172 1052 3230 verborum
1065 3173 1097 3224 ut

79 3240 123 3291 est
142 3239 198 3293 olei
215 3248 282 3298 cato
297 3241 375 3310 (V=
389 3243 439 3312 Bp
450 3243 518 3298 Gor.
534 3268 568 3288 =
584 3242 661 3310 eet).
675 3256 730 3308 pro
747 3241 792 3294 bis
809 3240 849 3294 sic
867 3241 949 3296 babet
966 3242 1031 3297 rec
1050 3257 1097 3296 ca-

78 3308 146 3362 lidis
159 3311 264 3366 resolvi
278 3315 307 3367 et
321 3312 479 3382 depurgari.
494 3313 527 3365 ut
541 3314 584 3366 est
598 3310 653 3366 olei
667 3309 853 3364 cucumeracii
866 3327 931 3364 cum
944 3311 1096 3368 fricatione

77 3380 232 3446 perunctio.
257 3385 292 3447 cf.
313 3384 341 3438 b:
364 3385 463 3438 rotatu
481 3383 659 3451 (veteratum)
677 3381 741 3435 locri
759 3380 823 3434 rab⁹
841 3380 943 3434 onidis
966 3382 1094 3440 dissolvi.

78 3450 225 3518 tpurgari
243 3455 276 3505 nt
294 3463 328 3510 ÷
342 3452 384 3506 oti
402 3451 589 3508 cucumeracii
607 3457 640 3506 cr'r
663 3451 787 3507 fricac'rio
807 3452 926 3524 pictior'r
946 3453 1097 3513 adhibfida

79 3535 96 3589 q
117 3518 271 3572 flebotomr'r
288 3521 437 3590 pveniend.
457 3522 627 3594 (pveniendn
646 3529 709 3578 uate
726 3524 814 3591 cortu).
