2392 3922
131 172 197 238 346
468 168 816 223 renunc-nunonem

131 332 281 456 colligato,
314 344 379 383 mox
411 327 595 398 liberabitur,
633 329 662 382 et
696 326 795 381 statim
826 326 907 382 solve
938 344 976 383 ne
1010 328 1075 384 loca
1110 344 1149 382 se-

130 420 206 471 quan
219 420 260 457 ur.

202 497 414 552 Secundinas
429 496 610 551 mulierum
623 494 785 565 expellit,
800 495 824 551 si
838 495 1041 567 plantaginem
1053 497 1148 553 tritam

130 596 194 633 cum
216 577 282 632 vino
305 580 387 647 potet
409 580 475 647 post
497 579 619 647 partum.
641 574 814 631 inmaturum
836 576 964 631 extrahit
986 594 1055 632 cum
1078 595 1146 647 aqua

102 679 115 718 5
129 658 388 812 pgfflafpgizpmgo.
418 657 464 731 <si
478 657 548 728 gula
561 656 674 711 asinina
688 673 752 712 eam
766 655 933 728 suffumigas
947 661 1016 728 post
1029 662 1144 730 partum,

201 836 234 890 Si
253 835 391 890 mulieri
406 838 574 890 mortuum
592 850 696 904 pecus
710 832 746 888 in
759 836 858 890 utero
872 835 996 906 fuerit,
1016 837 1144 906 butyrum

128 917 277 971 vaccinum
296 916 399 972 etmel
418 915 448 969 in
467 913 649 968 acetabulum
665 913 839 983 temperabis
854 917 884 969 et
901 915 933 969 in
951 915 1022 972 lana
1041 918 1079 972 ad
1091 934 1142 970 rna

67 1003 73 1014 '
129 997 230 1052 tricem
255 1014 343 1067 pones
368 995 419 1068 <et
441 992 640 1066 liberabitur).
673 993 726 1047 hoc
750 996 780 1048 et
803 993 827 1048 si
855 995 999 1051 secundae
1027 1013 1085 1052 non
1106 1013 1141 1051 se-

91 1096 117 1135 ro
131 1081 255 1146 quantur
272 1076 368 1132 facies.

200 1177 244 1230 Ut
266 1174 389 1229 mulier
412 1172 518 1227 facile
545 1173 725 1242 purgetur,
753 1171 828 1226 lauri
854 1172 942 1227 bacas
970 1174 1058 1230 tritas
1086 1192 1140 1229 cun

130 1256 197 1311 vino
215 1258 303 1325 potet.
332 1255 408 1309 item.
430 1254 464 1308 de
483 1252 579 1322 lapide
593 1255 699 1322 gagate
713 1254 787 1307 teres
806 1254 919 1306 etcum
938 1269 1016 1322 aqua
1031 1255 1139 1310 fontana

131 1334 242 1389 ieiunae
263 1333 354 1402 dabis,
374 1333 472 1388 statim
489 1331 667 1402 purgabitur.

198 1430 325 1483 Mulier
343 1432 380 1484 ut
398 1429 588 1499 concipiat,
608 1429 653 1484 lac
672 1429 770 1484 asinae
784 1445 848 1484 cum
866 1428 934 1484 lana
949 1431 1052 1487 sucida
1066 1448 1139 1502 super

87 1526 113 1565 15
127 1507 293 1562 umbilicum
311 1508 338 1562 ei
356 1524 444 1577 pone,
468 1508 557 1562 etsie
580 1525 615 1563 ea
637 1511 725 1565 utere.
756 1508 833 1564 item.
858 1509 959 1564 sedeat
982 1529 1069 1582 super
1090 1512 1139 1566 fru-

127 1588 212 1642 ticem
231 1587 381 1656 absinthii,
405 1590 435 1642 et
458 1587 499 1641 sic
522 1604 586 1641 cum
608 1588 670 1643 viro
693 1591 783 1644 coeat.
811 1588 888 1645 item.
909 1591 1053 1646 storacem
1071 1593 1139 1647 cala-

127 1667 266 1721 mintham
285 1667 315 1721 in
334 1667 419 1721 scatio
439 1683 523 1736 super
541 1667 677 1723 carbones
701 1668 855 1740 imponito,
882 1673 912 1725 et
934 1688 1022 1742 super
1040 1674 1138 1740 sedeat,

127 1749 156 1802 et
174 1746 278 1816 sufflat,
297 1749 327 1801 et
345 1746 386 1800 sic
404 1764 469 1802 cum
486 1745 548 1800 viro
567 1751 656 1804 coeat.
685 1748 762 1804 item.
788 1749 823 1804 de
846 1749 960 1805 catulae
983 1751 1061 1808 lacte
1083 1753 1139 1807 loca

128 1827 183 1882 sibi
201 1830 310 1897 tangat.
330 1827 448 1882 herbam
466 1826 662 1882 mercurialem
680 1831 710 1883 et
727 1830 880 1884 verbenam
897 1829 930 1884 in
947 1831 1024 1888 collo
1042 1836 1138 1904 portet.

86 1925 113 1965 ao
128 1909 204 1964 item.
230 1909 290 1963 ovis
309 1908 478 1963 ruminantis
498 1924 627 1978 spumam
646 1924 710 1961 cum
733 1907 824 1978 digito
849 1909 884 1963 de
904 1925 952 1964 ore
971 1910 1033 1966 eius
1053 1913 1138 1980 tolles,

128 1993 157 2043 et
180 2006 243 2043 cum
266 1988 332 2043 vino
355 1988 494 2043 nescienti
518 1987 630 2042 mulieri
652 1987 734 2056 potui
758 1988 848 2044 dabis.
877 1988 956 2045 item.
975 1991 1063 2047 tolles
1086 2009 1139 2048 cor·

126 2069 211 2123 ticem
235 2068 343 2123 arboris
362 2085 380 2122 a
397 2069 509 2139 fulgure
534 2085 697 2138 percussae,
726 2070 755 2122 et
782 2068 888 2137 piperis
916 2087 1008 2139 grana
1028 2072 1139 2128 XXVIII

126 2151 199 2202 teres
223 2147 315 2218 simul,
340 2150 369 2202 et
383 2148 438 2202 die
457 2148 532 2204 Iovis
555 2148 623 2201 luna
647 2148 826 2202 decrescente
848 2149 930 2218 potui
949 2150 1043 2207 dabis.
1077 2153 1139 2208 item

127 2226 161 2280 de
180 2227 239 2282 talo
263 2244 365 2282 venam
388 2231 502 2299 tangat,
526 2230 556 2282 et
578 2228 729 2298 coagulum
751 2227 855 2297 leporis
879 2229 910 2282 in
933 2230 1030 2286 calida
1055 2234 1139 2288 disso-

197 2469 272 2534 1(et
290 2467 353 2520 add.
374 2469 401 2535 a)
420 2483 485 2519 mox
505 2466 523 2521 l.
543 2474 589 2522 etc.
610 2469 662 2522 ba:
682 2470 711 2522 et
728 2485 794 2521 mox
812 2471 845 2522 ut
863 2468 881 2523 I.
902 2468 980 2523 solve
999 2490 1024 2543 ρ.
1081 2489 1140 2528 .nc

125 2533 187 2588 loca
207 2553 227 2589 s.
244 2538 294 2606 tq:
309 2553 359 2601 om.
374 2555 400 2591 a.
458 2542 474 2590 3
495 2537 742 2608 Secundinas-(p.
754 2543 815 2608 347,
831 2541 858 2608 2)
871 2540 1032 2596 concubent
1046 2561 1099 2599 om.
1117 2563 1139 2616 p,

125 2604 297 2659 Secundinas
313 2608 341 2661 b:
361 2606 511 2674 Squibalas
531 2627 556 2663 a.
607 2609 745 2681 plantago
764 2609 788 2664 si
807 2611 877 2665 trita
895 2627 918 2665 c.
938 2629 963 2666 v.
983 2612 1104 2670 bibatur
1117 2635 1139 2670 a.

124 2680 141 2727 4
158 2675 227 2729 Post
245 2678 329 2745 partd
348 2680 474 2732 maturat
488 2679 615 2733 extrahit
628 2688 674 2736 etc.
691 2684 714 2751 b,
733 2683 783 2737 abi
801 2684 915 2739 brevite
928 2701 947 2737 a
960 2685 990 2737 et
1009 2685 1142 2741 aborsum

124 2746 248 2815 expellit.
304 2747 370 2802 asi
388 2747 563 2817 gula-facit
582 2770 613 2807 a:
633 2768 683 2807 om.
699 2755 721 2808 b.
798 2753 862 2809 ISi
880 2751 993 2808 mulieri
1012 2755 1043 2809 in
1062 2762 1141 2813 utero

124 2820 250 2871 mortuus
269 2818 343 2873 fetus
362 2818 449 2874 fuerit
467 2839 493 2876 a.
573 2822 676 2878 mulier
694 2826 718 2879 b.
791 2825 903 2880 b'acim'r
922 2827 953 2880 b:
972 2842 1023 2882 om.
1044 2847 1071 2883 a.

125 2894 140 2941 8
159 2889 189 2943 in
208 2893 289 2945 aceto
309 2890 481 2960 distempera
499 2911 524 2948 a.
597 2896 739 2964 temperas
759 2897 783 2951 b.
861 2901 877 2948 9
895 2895 978 2964 ponis
998 2898 1027 2954 b:
1045 2906 1140 2969 ipone.

124 2963 153 3014 et
171 2960 340 3016 liberabitur
358 2982 384 3018 a.
457 2963 635 3019 hoc—facies
654 2983 704 3021 om.
724 2983 749 3019 a.
825 2970 857 3018 11
877 2965 1034 3089 Ut-potet
1049 2987 1101 3026 om.
1116 2991 1141 3026 a.

125 3037 158 3084 12
173 3032 252 3101 (item
267 3036 328 3103 om.)
342 3033 468 3103 lapidem
481 3038 617 3105 gagatem
630 3039 698 3090 tere.
718 3037 748 3088 et
762 3034 792 3087 in
807 3051 882 3101 aqua
901 3035 936 3089 dc
965 3041 1030 3094 onte
1044 3040 1142 3097 ieiuna

123 3101 207 3157 bibat
225 3123 249 3159 o.
320 3111 354 3159 14
372 3104 411 3159 Ut
428 3122 464 3159 m.
484 3122 507 3160 c.
527 3124 552 3161 a.
608 3105 750 3160 asininum
768 3121 793 3158 a.
859 3119 923 3157 cum
941 3106 959 3161 l.
980 3111 1098 3168 succida
1112 3117 1141 3169 b:

123 3189 173 3228 cra.
193 3193 218 3229 a.
293 3183 326 3229 15
345 3175 459 3245 impone
478 3194 504 3231 a.
579 3182 612 3231 16
631 3176 700 3230 item
719 3175 846 3242 st-(18)
865 3179 948 3230 coeat
966 3196 1017 3235 ora.
1038 3201 1064 3239 a.

124 3249 157 3297 16
177 3245 323 3301 calimiten
341 3250 364 3302 b.
439 3251 472 3300 18
491 3246 597 3301 sufficit
615 3249 639 3302 b.
730 3250 764 3297 19
782 3243 852 3297 item
870 3244 897 3300 h.
917 3265 953 3302 m.
973 3268 998 3305 a.
1078 3255 1142 3310 ber-

121 3313 225 3368 benam
243 3336 269 3371 c.
360 3317 391 3370 in
409 3317 504 3372 calceo
523 3337 549 3372 a.
639 3314 699 3371 toll’
720 3317 744 3383 b,
763 3312 833 3367 tolle
852 3333 878 3370 a.
970 3325 1003 3373 21
1026 3325 1142 3381 mulieri

121 3385 260 3440 nescienti
278 3406 305 3457 p.
326 3389 394 3442 dato
412 3406 438 3443 a.
529 3383 775 3457 item—(28)dabis
794 3401 844 3439 ora.
865 3405 891 3441 a.
1018 3394 1140 3452 alitem

121 3456 155 3506 ut
173 3456 317 3525 concipiat
336 3458 409 3512 det.
429 3473 504 3511 vena
522 3460 659 3527 tangatur
676 3475 702 3512 a.
819 3457 955 3526 coagulus
974 3459 992 3514 l.
1012 3461 1043 3515 in
1063 3481 1139 3534 aqua

122 3523 293 3579 dissolutus.
306 3571 311 3581 .
324 3571 329 3582 .
341 3528 424 3581 detur
442 3546 467 3582 a.
524 3527 663 3582 dissoluto
677 3530 701 3583 b.
