2392 3924
428 137 698 192 reomanensi.
1004 136 1070 201 285

55 298 106 350 aut
129 312 194 348 eum
216 309 310 363 penna
334 292 389 347 sibi
416 291 531 347 illiniat.
564 309 661 348 ervum
687 294 818 349 molitum
844 294 971 350 admixto
998 296 1069 349 turis

54 373 164 444 polline
192 371 223 426 in
250 371 317 426 vino
339 371 430 426 veteri
457 387 546 440 coque
569 374 598 426 et
620 372 749 442 tepidum
775 389 849 442 pone
876 376 906 428 et
933 374 1069 444 obligato.
1094 392 1097 397 ·

55 454 102 508 oui
121 452 146 506 si
165 451 222 507 mel
241 454 352 506 coctum
370 450 468 520 adicis,
488 450 606 505 celerius
625 455 716 508 sanat.
744 453 814 510 item
827 452 935 507 scrofae
954 454 1070 523 sanguis

55 533 179 588 illinitus
206 530 313 601 optime
340 530 418 585 iecit.
451 529 579 585 dentium
605 547 741 599 equorum
767 531 977 586 combustorum
1000 531 1070 586 cinis

57 628 188 680 aspersus
210 611 333 680 prodest.
362 627 491 679 spumam
521 611 632 680 argenti
656 614 685 666 et
708 611 791 666 aloen
814 629 848 666 ex
875 628 965 679 aequo
988 613 1070 680 teres,
1098 628 1111 668 5

58 694 172 745 etcum
189 689 231 744 uti
248 688 372 750 volueris
390 688 468 758 prius
493 689 527 744 de
550 689 616 745 vino
639 691 728 745 mixto
751 708 815 744 eum
838 691 933 745 calida
950 689 1070 758 lavabis,

59 774 128 824 tune
147 768 341 839 supradictum
357 768 503 838 pulverem
517 786 657 840 asperges.
686 771 879 840 argemoniam
892 770 923 825 in
940 770 1007 825 vino
1026 787 1071 824 co-

58 867 122 918 que,
138 852 167 904 et
180 849 248 904 inde
261 848 441 903 fomentabis.
460 852 560 917 postea
573 849 666 919 ipsam
678 850 799 905 viridem
811 851 911 905 tn'tam
924 850 1070 921 imponito,

56 930 103 984 vel
127 928 188 983 eius
207 928 299 982 siccae
321 927 467 998 pulverem
489 945 615 998 asperge.
643 929 735 998 thymi
753 930 808 984 ΞΠ
826 929 856 983 in
878 929 939 983 vini
957 931 1072 999 eyatoI
1173 961 1177 966 -

59 1009 172 1064 ieiunus
190 1008 281 1076 bibat,
300 1010 440 1061 tumorem
457 1008 563 1063 veretri
581 1012 671 1063 senat.
931 1010 935 1016 '
1086 1026 1111 1064 ro

130 1087 348 1151 Submeiulos
366 1104 433 1142 vero
453 1087 494 1142 sic
507 1087 685 1142 remediabis.
714 1087 738 1142 si
752 1088 782 1141 in
796 1089 870 1143 lecto
886 1105 935 1143 suo
954 1089 985 1142 in
1003 1106 1071 1157 sago

58 1169 104 1223 vel
127 1168 158 1222 in
180 1184 285 1222 racana
308 1170 359 1222 aut
381 1167 478 1222 tunica
502 1184 553 1221 sna
578 1167 624 1222 vel
647 1166 775 1235 quolibet
798 1185 893 1238 panno
915 1167 1072 1239 meiaverit,

58 1248 125 1301 lava
150 1247 244 1317 ipsum
270 1246 365 1301 locum
392 1249 478 1302 aceto·
497 1250 526 1301 et
548 1246 687 1302 nescienti
708 1248 791 1316 potui
815 1248 909 1317 dabis,
937 1247 1007 1302 mire
1030 1265 1073 1302 re·

59 1326 201 1381 mediasti.
229 1328 310 1381 rutae
333 1326 454 1396 agrestis
482 1342 577 1381 semen
605 1329 739 1395 contere,
760 1329 789 1382 et
816 1345 851 1383 ex
876 1345 951 1397 aqua
978 1328 1072 1382 calida

59 1406 154 1460 ieiuno
173 1405 255 1474 potui
274 1406 350 1475 dato,
369 1405 540 1461 remediasti.
569 1405 673 1476 leporis
692 1406 816 1462 vesicam
829 1407 860 1461 in
873 1408 939 1463 vino
959 1410 1071 1462 austero
1087 1420 1112 1460 15

61 1486 201 1554 decoque,
225 1488 255 1540 et
272 1485 353 1555 potui
372 1487 455 1554 dato,
478 1485 649 1543 remediasti.
676 1486 781 1557 leporis
800 1488 944 1543 cerebram
962 1491 1073 1542 coetum

60 1567 90 1618 et
108 1562 209 1617 tritum
226 1563 256 1617 in
274 1563 340 1618 vino
359 1564 440 1634 potui
460 1564 554 1634 dabis,
577 1566 728 1635 probatum
746 1570 797 1622 est.
828 1567 931 1637 leporis
949 1567 1074 1622 vesicam

61 1660 158 1697 assam
175 1642 312 1698 nescienti
331 1643 413 1697 dabis
432 1644 578 1714 edendam,
597 1645 727 1701 liberasti
745 1663 817 1701 eum.
845 1646 931 1716 piscis
949 1646 1073 1700 vesicam

60 1722 172 1777 ieiunus
194 1722 314 1793 glutiat,
337 1723 391 1778 hoc
410 1727 440 1778 et
463 1724 589 1794 splenem
611 1728 699 1780 curat.
728 1724 815 1779 verris
833 1725 958 1780 vesicam
980 1742 1074 1778 assam

60 1800 199 1856 nescienti
218 1803 286 1857 dare
305 1803 443 1858 convenit.
472 1802 542 1857 item
559 1803 642 1857 filicis
656 1804 760 1858 libram
773 1805 794 1859 I.
824 1805 963 1872 decoquas
977 1803 1008 1856 in
1021 1803 1073 1856 IIII
1088 1818 1113 1856 20

60 1881 121 1934 vini
145 1883 187 1950 58,
215 1881 302 1936 facies
329 1882 396 1936 inde
422 1881 552 1951 potiones
571 1883 661 1950 VIIII,
685 1886 714 1937 et
739 1882 835 1938 ieiuno
860 1882 958 1936 bibere
982 1881 1072 1935 dabis.

61 1960 181 2014 simulac
200 1977 235 2015 ex
253 1976 287 2015 ec
305 1961 419 2030 biberit,
439 1960 543 2016 sterilis
562 1960 690 2016 efficitur.

274 2068 322 2121 Ad
335 2068 360 2133 Ι,
374 2070 413 2121 28
429 2070 493 2137 (79)
509 2067 547 2120 de
565 2066 738 2121 herniosis
759 2070 860 2135 (ectr).

57 2176 61 2182 ·
132 2146 258 2215 Cicutae,
282 2147 419 2201 ethaeas
444 2146 478 2200 de
501 2162 632 2216 cupresso
655 2145 760 2200 virides
790 2145 883 2214 inpari
904 2160 1020 2199 numero
1057 2144 1180 2214 (XXVII)

61 2226 129 2279 luna
149 2227 340 2295 decrescente,
364 2227 393 2280 et
416 2243 502 2280 uvam
524 2243 638 2295 passam
657 2225 716 2279 sine
735 2224 861 2295 granulis
879 2227 994 2279 tunsam
1011 2241 1075 2278 cum
1089 2239 1114 2279 25

61 2305 186 2375 axungia
200 2305 261 2360 sine
272 2306 340 2375 sale,
349 2307 379 2359 et
390 2304 554 2374 impositum
565 2305 699 2360 ramicem
708 2307 737 2359 et
745 2307 869 2359 tumores
880 2303 1076 2359 testiculorum

61 2386 193 2455 (sedat).
221 2385 346 2455 cupressi
364 2384 470 2439 virides
488 2384 563 2454 pilas
580 2401 695 2439 numero
710 2385 757 2438 XL
776 2400 879 2452 coques
897 2382 928 2437 in
945 2382 1005 2437 vini
1023 2383 1076 2437 1111

66 2467 97 2518 11
119 2467 181 2519 tam
208 2464 257 2518 diu
285 2480 430 2533 quousque
458 2463 561 2534 siccet,
589 2466 619 2520 et
642 2464 682 2518 sic
714 2465 817 2518 tundes
847 2466 877 2518 et
904 2462 1074 2518 immiscebis

61 2564 162 2630 postea
184 2562 266 2616 betas
290 2564 320 2616 et
342 2561 496 2631 axungiam
518 2565 642 2616 veterem
664 2550 706 2615 lib
720 2561 759 2630 11,
786 2560 992 2629 mandragorae
1015 2559 1075 2614 suci

61 2647 103 2712 lib
118 2658 152 2727 H,
171 2658 290 2728 galbani
303 2657 344 2713 lib
358 2659 379 2713 I.
407 2658 498 2728 primo
513 2658 666 2728 axungiam
684 2661 767 2726 teres,
785 2645 815 2711 e't
834 2657 874 2711 sic
893 2657 988 2712 omnia
1002 2673 1075 2710 com·
1089 2672 1115 2711 eo

135 2825 288 2880 lherbum
306 2830 330 2883 b.
385 2791 469 2898 ttepl
486 2829 544 2897 p01'1
563 2827 587 2881 b.
645 2774 814 2905 dilsemel
830 2827 853 2881 b.
926 2823 1036 2878 addicis
1051 2825 1075 2877 1.

64 2930 99 3001 lS
119 2909 181 2985 o‘o'fe
201 2932 225 2986 1.
316 2934 429 2987 balces
448 2951 503 2988 ana
521 2935 596 2988 tisb
705 2918 865 2998 'ilipulve
883 2931 907 2984 1.
1005 2927 1076 2981 acri·

62 3000 159 3054 monia
179 3004 203 3056 1.
294 3002 396 3098 livino
415 3003 505 3058 sciato
525 3007 548 3060 b.
640 3007 672 3054 11
693 3016 763 3068 saga
782 3002 805 3056 1.
879 3005 912 3054 15
930 2999 1033 3052 hausto
1052 3000 1075 3052 b.

64 3111 97 3158 17
116 3105 147 3160 in
166 3123 215 3161 om.
236 3110 260 3163 1.
332 3073 449 3180 li÷b
504 3114 556 3164 18
575 3107 685 3163 edendo
704 3108 727 3160 1.
784 3107 861 3159 lete
880 3104 961 3173 splen
997 3105 1077 3157 curat

63 3178 113 3244 (sic
131 3195 192 3232 melo
211 3179 283 3248 albo)
302 3181 326 3236 1.
398 3180 472 3234 verri
491 3183 514 3236 1.
593 3183 627 3232 10
646 3177 721 3231 clare
740 3174 880 3229 convertit
898 3174 1037 3228 edendam
1055 3191 1076 3239 c,

63 3284 112 3351 qai
129 3284 174 3338 bic
192 3285 299 3341 decebat.
353 3274 445 3345 lib·÷'
460 3287 473 3339 I
488 3289 511 3341 b.
567 3292 599 3339 11
619 3299 707 3353 pones
722 3283 781 3350 (ele)
799 3283 823 3336 1.
896 3276 1076 3333 1111111111.

64 3353 173 3408 1111191.
211 3360 246 3410 11
256 3355 377 3424 Cyeutae
385 3354 840 3430 etbaccas...ete.c.accas.bec.li.
851 3351 1077 3430 cfiMarcpssll,

64 3428 88 3476 4.
96 3429 120 3479 7.
168 3424 371 3481 testiculorum.
383 3427 460 3497 eipsi
468 3431 508 3486 sic
518 3430 588 3496 (aaa
596 3428 670 3494 albo)
682 3427 706 3479 1.
748 3423 890 3477 27v1nob.
937 3426 972 3475 18
978 3420 1077 3501 tundis

64 3496 93 3547 et
102 3494 270 3552 immisoisb.
298 3499 405 3554 191111.
435 3501 546 3555 sucusb.
575 3497 729 3568 galbanirb.
758 3492 860 3550 terisb.
886 3492 1094 3547 commiscente.
