2392 3922
86 129 127 194 76
394 87 794 180 rsaouomrarscmur

85 296 250 357 occurrerit
272 293 372 352 sutura
395 290 569 351 debilitatio.
610 292 642 350 in
664 290 712 350 his
731 308 802 368 ergo
821 289 1033 369 cataplasmata
1056 309 1105 351 ca-

84 384 143 444 lida
166 390 196 443 et
219 382 349 442 fomenta
372 382 551 441 umectantia
573 378 714 457 fugienda
737 385 807 439 sunt
825 380 926 457 ignem
945 397 1053 439 causae
1073 384 1106 440 et

85 472 202 532 dolores
221 472 369 549 augentia,
393 469 445 529 sed
464 467 579 528 levibus
598 467 762 527 linimentis
781 469 949 528 evocatoria
968 466 1105 547 curandi,
1138 500 1147 545 ς,

85 578 160 639 quae
184 561 249 619 sine
273 558 430 637 gravedine
453 559 570 636 possint
593 556 700 616 afferre
718 555 886 616 utilitatem.
929 556 957 616 si
979 553 1105 615 fleboto·
1135 546 1147 599 -‘

57 664 152 709 smus
176 665 247 708 sane
271 647 318 707 vel
342 646 502 706 cathartica
525 651 607 705 certa
630 662 719 704 causa
741 643 1007 723 praetermittenda
1026 650 1104 724 sunt,
1143 710 1147 735 1

84 735 262 816 clysteribus
286 735 413 795 assiduis
436 731 611 813 imminebo,
635 732 744 811 quibus
771 735 885 793 ventris
908 734 1102 811 purgationes
1142 740 1147 807 ζ

84 830 288 905 competenter
309 821 497 902 procurando
521 821 599 900 quod
619 819 778 880 flebotomo
802 827 942 899 negatum
965 827 1013 881 est
1034 838 1102 900 pos·
1144 816 1147 839 ²

85 916 177 974 simus
197 930 398 991 compensare.
435 909 537 988 frigidi
555 915 652 969 tactus
672 915 702 969 et
721 927 805 969 acres
820 910 933 969 vitandi
952 916 1031 970 sunt.
1059 911 1103 968 iu-
1146 981 1147 985 Ἰ

85 1002 241 1080 frigidatae
266 1003 347 1062 enim
369 1005 470 1079 partes
493 997 608 1057 facilius
632 1004 864 1058 commoventur.
1144 1069 1147 1074 ¹

32 1090 74 1154 73
174 1088 391 1151 declinantibus
424 1105 493 1147 vero
532 1088 591 1145 iam
627 1084 762 1146 febribus
799 1085 856 1146 hoc
896 1087 1027 1146 trocisco
1059 1087 1103 1146 uti
1144 1103 1147 1107 ·

45 1197 69 1235 11
85 1181 226 1239 consuevi
254 1177 390 1238 omnibus
421 1178 480 1236 iam
510 1174 696 1253 temporibus
728 1181 805 1252 apto.
852 1192 957 1254 spuma
987 1174 1104 1252 argenti
1145 1248 1147 1252 Ι

84 1286 206 1328 cerussa
229 1266 371 1345 sulphure
395 1267 459 1324 rivo
487 1280 575 1323 croco
599 1265 667 1341 opio
691 1260 747 1322 sub
770 1280 863 1341 aequa
885 1262 1102 1342 ponderatione

85 1359 181 1415 tunsis
206 1361 235 1414 et
257 1352 427 1432 cribellatis‚
451 1359 570 1412 etcum
592 1369 681 1430 passo
704 1348 750 1410 vel
774 1369 845 1411 suco
870 1350 1005 1430 strychni
1027 1357 1102 1410 tem·

84 1449 195 1521 perato.
242 1459 310 1501 nam
338 1446 368 1500 et
396 1441 616 1518 euporistorum
644 1441 834 1517 sequentium
864 1457 984 1518 semper
1011 1438 1103 1499 bene·

45 1546 70 1586 rs
85 1531 152 1589 ficia
179 1529 362 1608 prosuerunt.
408 1528 549 1606 butyrum
577 1546 645 1588 cum
673 1527 807 1606 strychni
834 1547 906 1589 suco
934 1527 1102 1608 adhibetur,

86 1626 116 1679 et
137 1620 234 1678 acacia
258 1636 325 1677 cum
350 1623 433 1676 aceto
457 1616 607 1696 velaque,
631 1622 661 1676 et
684 1634 789 1694 spuma
807 1618 923 1700 argenti
942 1634 1011 1677 cum
1030 1633 1102 1676 suco

158 1795 172 1840 1
196 1787 293 1841 futura
316 1785 454 1842 delibatio
472 1805 502 1855 r,
526 1786 619 1859 fgtosa
642 1787 703 1854 (sie)
723 1784 884 1840 debilitatio
903 1787 931 1840 B
950 1788 982 1855 (s.
1001 1787 1023 1840 t.
1046 1801 1104 1839 non

86 1861 215 1912 occurrat
233 1860 358 1912 extrema
377 1856 539 1911 debilitatio
558 1859 594 1925 b).
648 1857 681 1910 In
698 1856 744 1910 his
759 1873 825 1927 ergo
839 1858 888 1912 rb:
907 1855 996 1910 Dabis
1011 1856 1105 1909 adhuc

85 1931 113 1984 B
128 1932 187 2000 (om.
209 1931 286 1999 ceu).
342 1928 436 1983 calida
453 1929 535 1984 er:
555 1926 711 1981 chalastica
730 1928 789 1982 eet.
858 1933 873 1980 2
893 1925 968 1996 ignis
987 1943 1104 1981 causam

86 2003 115 2056 et
133 2001 237 2055 doloris
292 1999 438 2071 augientia
456 2001 506 2069 (sic
529 2017 590 2054 cum
612 2000 685 2066 albo)
700 2000 727 2067 b,
756 1997 831 2068 ignis
854 1996 914 2051 rim
938 1999 968 2052 et
991 1997 1102 2052 dolores

86 2073 223 2142 augentia
251 2073 324 2140 Get,
356 2071 452 2142 ignem
484 2087 567 2141 cause
597 2072 626 2123 et
657 2067 783 2122 dolorem
810 2068 899 2138 (—ris
922 2070 952 2138 r)
985 2067 1103 2138 agentia

86 2143 232 2214 (augentia
249 2145 274 2212 r)
292 2143 348 2197 rB.
437 2149 452 2196 3
472 2140 631 2196 evocatoria
649 2139 722 2212 (49
741 2141 767 2209 b)
786 2138 951 2193 curantibus
970 2141 1007 2194 rb
1027 2143 1103 2209 (evo-

86 2214 192 2268 catorie
211 2213 366 2268 curandum
383 2214 465 2282 Galba
485 2211 653 2267 evocatoriis
672 2213 701 2265 et
720 2209 883 2265 curantibus
898 2211 933 2264 B.
1007 2215 1103 2280 4pos-

86 2284 144 2338 sint
162 2285 294 2339 suaet:
334 2286 433 2337 ossunt
449 2302 472 2338 r.
556 2281 712 2336 utilitatem
729 2282 790 2336 rB:
809 2280 964 2335 remedium
984 2282 1067 2337 odet.

86 2354 253 2406 flebotomus
273 2302 450 2423 (hebetemus
469 2354 507 2422 B)
522 2355 557 2406 rb
570 2353 670 2408 GetB.
764 2357 780 2405 5
799 2354 889 2406 certa:
908 2353 940 2405 iu
957 2353 1008 2406 boc
1025 2369 1104 2408 oocu-

87 2424 150 2478 bulo
169 2425 261 2490 deficit
278 2431 367 2477 tectus
383 2423 481 2491 Gel.(*)
496 2425 544 2491 qui
557 2425 659 2477 transit
672 2425 710 2477 ad
723 2441 782 2493 cap.
797 2428 837 2479 27
851 2421 1103 2492 devorabimus,

87 2494 192 2547 desudas
205 2495 359 2574 ercidetur
370 2496 448 2560 foliis
459 2495 578 2574 camah..
628 2496 771 2564 praeterffi
784 2492 951 2574 r)mittenda
965 2495 1031 2547 sunt
1043 2495 1104 2575 cli:

85 2579 143 2686 tiri
158 2563 720 2704 ieeffii:eplirgac1onib1igsbiiiriioertgiter
724 2566 864 2706 {tegminis
883 2564 1105 2705 aiiliinrobbirrtltuu-

86 2704 156 2757 rabo
175 2704 360 2773 (procurando
378 2705 404 2771 r)
423 2706 468 2770 br,
490 2703 583 2829 mii
596 2704 627 2759 in
645 2705 740 2761 obolis
757 2705 974 2776 purgationibus
993 2722 1104 2776 compe-

86 2774 212 2828 tentibus
232 2773 354 2827 assiduis
372 2774 487 2830 ventris.
506 2793 561 2843 quo
600 2778 636 2832 B.
737 2776 955 2848 einffigidatae
973 2777 1050 2830 enim
1067 2778 1104 2847 B,

86 2845 245 2916 frigiditate
264 2845 339 2899 enim
357 2863 385 2899 r:
402 2845 514 2915 (quibus
533 2847 681 2918 indignate
700 2851 734 2918 b).
840 2853 873 2901 10
891 2864 957 2902 vero
975 2847 1035 2902 iam
1052 2849 1103 2903 rb:

87 2935 137 2974 om.
157 2918 192 2972 B.
251 2922 281 2970 11
307 2915 436 2970 omnibus
459 2917 518 2970 iam
541 2921 608 2988 apto
627 2922 717 2989 (-tos
736 2922 761 2988 r)
784 2919 959 2990 temporibus
976 2921 1026 2974 rb:
1045 2936 1104 2973 om·

87 2989 170 3043 nibus
189 2986 362 3059 temporibus
382 2989 411 3041 et
428 2986 498 3043 locis
518 2990 666 3060 aptissimo
685 2990 720 3043 B.
778 2995 809 3041 12
830 2989 856 3044 S.
872 3007 896 3045 a.
912 2990 1023 3062 Cerusg.
1043 2989 1105 3045 Sul-

87 3060 157 3114 fun's
171 3059 238 3115 viri¹
249 3076 304 3114 ana
318 3059 386 3120 ÷1.
402 3063 434 3113 c‘e
447 3071 483 3120 ÷
498 3060 523 3115 S.
540 3061 646 3132 oppiia
666 3058 757 3112 tunsis
776 3060 805 3112 et
819 3059 983 3116 cribellatis.
999 3063 1105 3115 etcum

89 3175 94 3186 .
107 3133 296 3202 ..temperati
311 3129 415 3200 inpano
426 3132 449 3185 b.
506 3137 539 3185 12
550 3133 601 3186 suh
612 3149 636 3187 a.
648 3127 851 3200 ponderatione
859 3148 887 3184 r:
903 3132 955 3185 sub
966 3148 1057 3200 aequo
1068 3133 1104 3186 Β.

89 3208 122 3256 13
142 3219 208 3256 suco
228 3205 256 3256 b:
277 3200 338 3256 suci
354 3220 377 3269 r,
397 3201 471 3256 sucis
490 3204 525 3257 B.
600 3207 634 3255 14
651 3217 718 3253 nam
736 3201 765 3252 et
783 3214 879 3251 eorum
897 3201 1104 3270 euporistorum

88 3273 266 3340 sequentium
284 3290 305 3328 s.
324 3273 352 3328 h.
371 3291 398 3343 p.
418 3292 441 3342 r,
459 3290 526 3326 nam
545 3273 590 3344 <dr
604 3273 666 3326 add.
686 3268 776 3340 corr.)
795 3284 891 3322 eorum
909 3272 1105 3340 &peristeram

88 3345 161 3412 (eup.
181 3344 264 3407 Neu.)
283 3343 473 3412 frequentium
492 3362 512 3399 s.
532 3343 558 3398 b.
578 3361 605 3412 p.
620 3342 661 3394 B:
680 3357 730 3394 om.
745 3340 829 3407 b(uba‘
847 3341 877 3392 et
890 3340 1017 3397 butirum
1035 3348 1103 3411 etc).

88 3417 122 3464 16
141 3415 170 3465 et
189 3431 229 3482 sp.
250 3430 308 3483 arg.
334 3432 397 3468 cum
420 3414 522 3483 strigni
546 3429 611 3467 suco
634 3410 681 3464 vel
702 3410 839 3463 betarum.
878 3414 928 3466 ant
950 3430 1015 3467 cum
1038 3431 1105 3469 suco

87 3498 232 3551 porrorum
250 3485 280 3536 et
297 3487 368 3553 guta
387 3502 412 3538 a.
432 3492 479 3539 etc.
499 3486 522 3538 b.
