2392 3922
338 110 616 164 ANTIDOTARIUM
634 111 904 166 BRUXELLENSE.
1065 111 1128 176 377

117 273 315 357 transvolutis,
338 277 459 336 misceri
482 275 555 336 illud
580 283 696 355 oportet
719 276 798 355 qnod
821 278 853 336 in
876 279 1017 338 mortario
1040 279 1131 339 fuerit
1160 296 1162 300 “

117 366 231 424 tritum.
254 363 415 424 adunatum
434 367 607 445 exagitatur,
626 383 780 444 quousque
794 367 826 426 in
839 366 961 427 modum
979 366 1131 446 emplastri

116 453 264 533 deveniat,
285 451 407 513 linteolo
431 453 586 517 inductum
608 456 736 533 ponitur.

69 537 107 602 46
205 541 256 602 Ad
278 560 364 621 epar
386 549 421 602 et
443 542 484 603 ad
507 543 675 622 splenem.
699 546 894 624 eupatorium,
913 551 1038 625 costum,
1061 563 1131 623 gen-

117 633 244 711 tianam,
281 630 501 692 aristolochiam
537 631 670 712 longam,
710 632 930 694 aristolochiam
965 633 1131 715 rotundam,
1145 623 1168 691 ⁵¹

116 719 205 781 bacas
228 719 306 780 lauri
323 719 450 781 mundas
469 722 533 781 sine
552 723 672 802 cortice,
694 723 787 800 piper.
812 724 910 783 omnia
933 725 1035 801 aequis
1059 742 1131 802 pon·

118 808 240 870 derihus
258 809 370 890 tundis,
392 811 501 891 cernis,
523 811 617 871 vitreo
637 810 776 871 servabis.
801 829 869 871 cum
887 829 1009 872 necesse
1033 812 1132 892 fuerit,

116 896 201 958 dahis
225 899 258 959 in
280 898 377 961 tribus
400 901 492 978 cyatis
516 901 592 959 meri
614 901 676 960 vini
702 902 813 960 veteris
840 899 975 961 calefacti
998 899 1130 961 cocleare

116 985 248 1066 plenum.
273 989 299 1047 si
322 994 421 1048 autem
443 986 585 1068 febriunt,
607 989 639 1048 iu
662 1007 754 1067 aquae
776 987 886 1049 calidae
911 990 1002 1067 cyatis
1025 989 1130 1050 tribus.

69 1073 105 1137 47
205 1074 255 1136 Ad
279 1075 351 1137 coli
369 1075 536 1137 dolorem.
559 1077 693 1156 thymum
713 1077 871 1156 hispanum
889 1076 991 1138 tundis
1009 1084 1039 1137 et
1057 1077 1130 1137 mol·
1145 1094 1168 1134 ro

117 1164 186 1225 liter
209 1167 322 1245 cernis,
350 1172 381 1226 et
403 1165 455 1226 das
478 1164 526 1226 die
549 1167 647 1245 primo
671 1166 803 1226 cocleare
826 1165 848 1247 l,
871 1166 918 1226 die
942 1165 1073 1226 secundo
1095 1166 1131 1247 ll,

117 1253 165 1314 die
187 1255 280 1314 tertio
293 1253 340 1316 lll.
365 1256 392 1315 si
414 1253 555 1336 febriunt,
577 1257 609 1315 in
628 1273 702 1334 aqua
721 1253 823 1316 calida.
846 1256 999 1337 siminus,
1020 1257 1051 1314 in
1069 1257 1130 1315 vini

117 1343 229 1404 veteris
252 1345 344 1422 cyatis
367 1342 472 1404 tribus.

69 1429 107 1494 48
207 1431 255 1491 hd
279 1430 537 1512 dysentericos.
571 1431 769 1514 conchylium,
802 1432 975 1515 anchusam,
1003 1433 1131 1513 amylum

117 1519 352 1582 alexandrinum.
386 1523 490 1600 aequis
522 1521 705 1600 ponderibus
737 1528 824 1582 tunsa
856 1529 886 1583 et
917 1522 1068 1584 cribellata
1099 1525 1131 1583 in
1146 1539 1168 1580 11

117 1627 172 1669 ovo
196 1608 302 1670 sorbili
329 1610 420 1670 dubis.
448 1609 581 1671 cocleare
608 1610 729 1690 plenum
752 1612 853 1671 ieiuno
877 1618 907 1672 ct
933 1619 1001 1691 post
1028 1630 1132 1673 cenam

117 1697 211 1758 dahis.

69 1784 108 1848 49
206 1785 312 1848 Aliud
334 1787 486 1848 Eusebii
507 1787 544 1848 ad
568 1788 779 1868 dysentericus.
806 1806 880 1850 uvae
908 1788 1056 1849 silvaticae
1081 1789 1131 1847 ad-

118 1875 176 1938 huc
209 1875 334 1937 acerbae
366 1876 514 1937 folliculos
547 1895 615 1938 cum
647 1879 747 1956 granis
780 1879 855 1958 suis,
887 1878 1028 1955 proiectis
1060 1895 1130 1936 vero

120 1967 207 2026 sucis.
233 1967 312 2026 sicca
334 1973 460 2044 utraque
483 1966 598 2047 tundis,
621 1968 720 2027 cernis
743 1968 827 2026 etin
850 1967 943 2026 vitreo
967 1965 1045 2025 doho
1069 1982 1131 2025 ser·
1145 1983 1168 2023 uu

121 2053 209 2114 uubis.
234 2072 272 2113 ex
294 2054 350 2115 hoc
377 2056 409 2115 iu
436 2054 534 2115 trihus
562 2057 655 2134 cyatis
682 2057 743 2115 vini
766 2056 876 2115 veteris
899 2056 975 2114 meri
998 2053 1130 2115 cocleare

122 2142 250 2224 plenum,
274 2142 471 2203 febrientibus
494 2162 564 2204 vero
588 2163 657 2205 cum
680 2143 874 2204 omfacomeli.

70 2227 111 2291 50
207 2232 257 2292 hd
284 2231 384 2292 idem.
417 2231 604 2293 membranas
637 2235 800 2293 exteriores
831 2233 944 2292 ventris
975 2231 1132 2311 gallinacii,

119 2339 192 2399 quas
217 2322 283 2381 coci
306 2339 424 2400 semper
446 2323 605 2402 proiciunt,
629 2322 666 2382 ad
689 2320 782 2382 solem
800 2320 934 2402 siccabis,
957 2322 999 2381 ita
1021 2327 1055 2380 ut
1073 2322 1133 2380 sint

118 2409 204 2470 XXV.
227 2408 339 2490 tundis,
362 2412 471 2490 cernis,
495 2429 563 2471 oum
585 2410 669 2490 gallis
690 2411 800 2471 asianis
818 2410 852 2470 ll.
876 2429 912 2471 ex
936 2409 1044 2489 quibus
1066 2409 1132 2488 pul-
1146 2427 1168 2466 01

118 2517 221 2558 rerem
253 2499 363 2559 factum
394 2501 507 2578 pariter
538 2498 678 2560 miscebis
707 2518 774 2560 oum
806 2499 901 2578 amylo
933 2499 1131 2561 alexandrino.

118 2587 254 2648 cocleare
277 2587 399 2667 plenum
423 2587 523 2648 semel.

69 2674 106 2737 51
209 2675 258 2736 hd
277 2676 402 2737 colum.
425 2679 457 2737 in
475 2677 580 2737 balneo
599 2685 792 2757 posteaquam
810 2686 839 2738 te
859 2676 937 2738 lotus
955 2696 1010 2757 per
1024 2676 1132 2736 sabana

117 2766 276 2825 vestiveris
299 2773 329 2826 et
353 2765 479 2848 sederis,
503 2766 593 2827 dicito
613 2769 691 2827 intra
709 2774 753 2846 te,
776 2785 830 2845 per
849 2775 878 2827 te
897 2765 1052 2845 diachylon
1071 2764 1131 2825 dia-

118 2851 227 2933 chylon
250 2853 414 2933 diachylon.
1146 2869 1168 2909 eo

191 3065 210 3112 4
228 3075 297 3129 epar
314 3060 350 3116 B.
466 3065 482 3114 8
500 3058 633 3114 'calefacti
652 3061 703 3127 (sic
719 3060 934 3127 iufra-c.118):
953 3055 1082 3111 colestici
1100 3055 1131 3109 B.

119 3136 154 3184 14
172 3131 209 3198 cs.
228 3132 301 3186 idem
317 3132 466 3187 remotum
483 3133 562 3200 iufra
581 3134 696 3198 (0140)
714 3147 747 3186 ex
766 3130 914 3197 altofonte
932 3129 1073 3183 deditum.

120 3200 301 3256 disinterieos
319 3202 354 3256 B.
418 3202 505 3257 emilia
524 3202 559 3257 B.
622 3206 655 3255 18
675 3199 772 3254 eusebi
790 3200 826 3254 B.
898 3201 970 3254 idem
986 3199 1134 3252 remedium

120 3274 200 3340 iufra
219 3277 319 3329 0142.
396 3279 430 3327 22
450 3279 484 3327 ou
503 3271 605 3326 unfaeo
623 3270 707 3325 melle
725 3272 761 3326 B.
852 3276 886 3325 23
905 3269 1068 3324 membrana
1087 3284 1133 3322 ex-

120 3343 239 3399 teriores
256 3345 320 3412 (cac)
332 3344 369 3399 Β.
389 3346 422 3412 cf.
438 3345 517 3412 iufra
529 3345 578 3398 ubi
595 3344 666 3397 idem
678 3343 826 3398 conwoion
843 3345 941 3398 0143.
997 3345 1032 3394 24
1050 3355 1133 3409 quas:

121 3422 177 3483 qua
195 3416 232 3471 B.
315 3420 348 3468 27
368 3416 447 3483 iufra
465 3416 503 3471 ad
520 3415 579 3469 olio
593 3415 685 3484 perqit
703 3419 799 3469 codor
816 3415 967 3484 ascriptus
986 3414 1018 3468 de
1037 3413 1133 3484 dyaco-

121 3488 198 3541 tm'a.
272 3491 306 3540 29
325 3489 422 3556 perte
440 3488 502 3556 (sic)
520 3487 556 3540 B.
638 3489 673 3539 30
692 3484 843 3540 diacholon
861 3485 896 3540 B.
