2392 3922
354 108 599 160 EUPORISTON
615 109 872 163 PAENOMENON.
1089 113 1131 175 ‘ll

53 278 55 297 ¹
90 270 212 350 :graus
242 274 435 333 cucumeris
469 272 556 333 radix
587 275 619 333 in
650 272 802 335 meliorato
831 282 915 335 cocta
947 282 978 336 et
1005 280 1132 338 contrita

89 357 257 420 adhibetur.

171 447 264 508 aliud
301 449 351 508 de
387 451 648 528 experimento.
700 459 798 523 rutam
830 459 861 512 et
892 471 1017 532 ysopum
1048 452 1184 516 teresssb

87 539 187 617 amnis
212 536 422 616 ponderibus
445 545 476 599 et
499 539 572 599 ticos
596 539 690 600 siccas
711 546 851 601 contusas
871 539 926 602 sub
946 540 1035 620 duplo
1055 562 1128 621 pon-

87 626 154 687 dere
177 625 390 687 immiscebis
413 626 513 687 mellis
533 629 685 707 quippiam
706 628 869 690 adiciendo.
907 636 937 690 et
956 631 1128 708 operabitur
1155 645 1168 687 a

87 724 116 776 ut
129 722 301 795 apostema
319 733 359 776 ex
376 715 574 776 interioribus
588 717 620 776 in
633 719 835 778 maturitatem
849 716 965 778 facilius
980 728 1126 780 evocetur.

171 802 278 864 aliud.
323 806 464 884 capparis
484 807 626 896 corticem
645 807 676 865 in
695 824 771 884 aqua
789 805 913 867 elixabis
932 813 963 867 et
977 826 1044 868 cum
1058 812 1126 868 vino

85 891 327 973 commiscetis,
350 900 386 953 ut
409 892 587 971 cataplasma
608 893 707 955 faciae.

173 981 280 1042 aliud.
324 983 407 1041 ireos
430 981 563 1061 illyricae
585 982 738 1061 pulverem
761 1001 829 1044 cum
852 983 958 1043 hordei
981 984 1075 1044 farina
1095 988 1126 1045 in

86 1070 253 1133 meliorato
280 1087 400 1148 coques
423 1076 454 1130 et
476 1072 579 1131 uteris.
1141 1087 1167 1125 10

175 1158 282 1221 aliud.
325 1164 440 1237 guttam
458 1161 634 1220 ammoniaci
652 1166 732 1220 teres
747 1166 778 1221 et
792 1160 929 1220 similiter
944 1177 1012 1219 cum
1031 1161 1126 1221 farina

85 1247 197 1310 hordei
223 1249 263 1308 in
288 1264 371 1326 aqua
393 1255 477 1308 cocta
500 1247 663 1309 adhibebis

178 1337 247 1397 boc
273 1343 308 1397 et
332 1335 452 1395 alumen
475 1338 602 1397 scissum
625 1344 783 1398 contusum
807 1355 874 1396 cum
901 1336 1008 1398 hordei
1031 1338 1126 1399 farina
1172 1336 1175 1341 ’

85 1426 241 1487 similiter
265 1425 369 1485 faciet.

207 1584 249 1645 X.
290 1583 339 1644 De
363 1582 590 1644 serbunculis
614 1584 747 1663 ubique
770 1585 1016 1646 nascentibus.
1128 1583 1169 1645 26

183 1690 330 1770 Sulphur
344 1691 444 1750 vivum
462 1696 583 1750 tunsum
602 1707 670 1750 cum
689 1692 788 1750 resina
801 1688 1003 1752 terebinthina
1017 1695 1123 1752 misce·
1140 1708 1165 1747 to

91 1781 140 1841 his
164 1788 198 1840 et
224 1777 356 1839 linteolo
379 1777 536 1838 inductum
554 1780 698 1858 impones
740 1785 791 1839 aut
809 1797 896 1839 uvam
914 1798 1032 1857 passam
1052 1798 1125 1840 euu-

94 1869 228 1930 cleatam
255 1867 371 1927 tundes
400 1873 430 1927 et
457 1866 585 1927 mediam
613 1867 807 1945 quantitatem
836 1866 906 1931 salis
934 1868 1126 1948 immiscetis,

169 2064 186 2110 1
207 2053 372 2110 cucumeris
391 2054 482 2108 Bora
502 2071 551 2109 om.
574 2055 631 2111 aaz.
749 2054 780 2108 in
797 2073 833 2111 m.
848 2055 931 2109 Bor-2·
950 2053 990 2107 sic
1008 2070 1044 2108 m.
1067 2055 1125 2109 oet.

101 2135 116 2182 2
133 2127 298 2182 adhibetur
316 2126 344 2179 B
356 2126 429 2179 Get:
448 2141 499 2179 om.
518 2127 561 2180 br.
639 2132 655 2179 8
675 2126 709 2180 de
729 2126 920 2194 experimento
939 2125 967 2178 B
986 2126 1021 2194 (et
1038 2129 1071 2194 c),
1091 2126 1125 2180 de

101 2198 225 2269 expertis
245 2217 276 2254 r:
297 2195 520 2265 experimentum
540 2196 623 2252 huet.
747 2200 776 2250 et
792 2214 912 2266 ysopum
930 2197 1010 2250 Bbr:
1030 2195 1127 2267 opium

105 2271 157 2325 ou.
278 2269 353 2321 teres
373 2266 436 2335 (sub
455 2268 519 2322 odd.
539 2267 609 2336 Gal.)
628 2265 708 2339 equis
725 2268 810 2335 pond.
825 2268 853 2320 B
866 2268 936 2323 eet:
957 2283 999 2336 eq.
1015 2285 1042 2338 p.
1062 2285 1127 2322 con·

105 2342 168 2395 trita
188 2342 305 2407 (-tum
323 2342 348 2407 r)
368 2339 411 2392 br.
543 2340 608 2391 4et
628 2340 697 2393 ficus
724 2337 813 2392 siccas
832 2339 931 2392 tunsos
951 2341 1029 2408 (-sa
1047 2344 1072 2409 r)
1092 2343 1128 2395 bt·

106 2415 140 2465 ret
156 2413 213 2466 fico
234 2409 313 2483 sicce
333 2409 483 2463 contusum
501 2410 579 2479 oei),
599 2412 629 2463 et
646 2411 698 2462 fico
718 2409 792 2464 sicco
811 2411 927 2464 contuso
948 2411 982 2464 B.
1076 2412 1127 2465 snb

107 2500 150 2537 oss.
170 2485 216 2537 br.
333 2478 477 2533 bimiscis
495 2498 511 2534 r
528 2482 551 2548 (a
571 2479 672 2533 misces
691 2481 725 2548 b),
744 2479 916 2534 immiscebit
936 2481 1007 2536 oet:
1028 2482 1128 2536 comis-

107 2570 165 2607 oens
184 2554 223 2608 B.
303 2552 333 2603 et
350 2552 417 2619 (op.)
437 2550 554 2606 britel:
573 2569 624 2606 om.
643 2551 679 2605 B.
763 2552 830 2606 tut
848 2553 1026 2620 apostemata
1098 2554 1128 2607 in

108 2628 168 2678 nst.
189 2624 246 2677 fac.
269 2623 459 2703 provocentur
479 2622 549 2690 oet,
573 2620 615 2674 ita
634 2623 666 2675 ut
684 2623 723 2689 (b,
743 2619 792 2675 ita.
829 2621 867 2675 Et
884 2627 909 2692 r)
924 2625 1070 2692 apostema
1086 2670 1090 2678 .
1104 2670 1126 2679 ..

109 2694 210 2749 inmat.
222 2692 341 2747 facilius
351 2692 452 2747 evocat
463 2693 497 2760 (b,
512 2693 644 2746 evocetur
657 2696 682 2761 r)
693 2693 735 2760 br,
751 2694 784 2745 ut
798 2694 977 2760 apostema..
990 2738 996 2750 .
1007 2696 1044 2749 ad
1058 2696 1127 2748 mat.

109 2768 272 2833 procuretur
291 2766 353 2831 (om.
372 2763 438 2830 fac.)
452 2762 487 2815 B.
567 2769 581 2817 t
601 2762 719 2816 cortices
734 2764 757 2817 b.
831 2762 920 2818 elixas
937 2810 977 2821 ...
994 2765 1127 2819 comisees

110 2838 185 2891 etr:
204 2835 284 2890 elixa
300 2877 341 2889 ...
357 2833 478 2888 admisce
494 2833 552 2888 Gal.
614 2840 630 2887 8
645 2836 677 2887 ut
691 2849 714 2887 a.
729 2832 800 2887 facis
815 2835 851 2903 B,
870 2837 902 2888 nt
916 2852 939 2890 a,
954 2835 1042 2888 facias
1055 2836 1127 2890 Get:

108 2914 133 2961 et
152 2908 241 2961 uteris
262 2908 307 2960 tr.
382 2903 489 2957 9ireos
510 2905 568 2959 Get.
588 2905 678 2973 (yreos
698 2907 755 2974 bc):
775 2922 825 2960 om.
845 2906 882 2959 B.
932 2906 962 2959 in
981 2904 1127 2957 meliorato

110 2982 197 3046 -(12)
217 2975 301 3032 ordei
318 2974 413 3028 farina
432 2976 559 3043 (propter
576 2976 712 3046 homoiot.)
732 2993 782 3030 om.
802 2977 826 3030 b.
945 2981 976 3027 11
997 2973 1127 3027 similiter

109 3066 156 3103 ost.
173 3068 196 3103 r.
307 3052 340 3100 12
360 3045 379 3100 i.
400 3062 425 3099 a.
445 3044 577 3113 decoquis
597 3048 626 3100 et
644 3047 731 3100 uteris
749 3066 765 3102 r
783 3048 843 3116 (poi
861 3065 911 3102 om.
932 3046 1055 3113 13-14).

110 3121 202 3175 deinde
220 3119 319 3174 aliem
336 3117 448 3172 addunt
466 3115 500 3169 de
519 3117 640 3186 expertis
660 3120 725 3173 ber.
842 3122 875 3170 15
894 3116 935 3170 De
953 3114 1126 3169 ferbunculis

110 3191 210 3260 ubique
230 3188 358 3243 nascent.
378 3189 442 3256 (sic)
458 3187 524 3254 Get,
543 3187 584 3241 De
602 3187 767 3242 farbunculo
782 3190 810 3255 b,
828 3190 887 3242 aaa
904 3187 981 3241 rubr.
995 3204 1019 3256 r,
1037 3188 1084 3240 sed
1097 3187 1129 3239 lo

111 3264 163 3315 iad.
186 3263 260 3317 idean
283 3259 327 3313 De
345 3255 521 3312 terbunoulis
540 3260 600 3328 (sie)
619 3278 642 3326 r,
666 3259 707 3314 De
725 3256 897 3312 ferbunculis
916 3274 942 3312 c:
968 3256 1009 3311 De
1033 3256 1129 3312 furun-

111 3331 177 3385 culis
195 3332 229 3386 X.
245 3332 282 3386 B.
390 3332 425 3381 16
442 3327 572 3382 miscebis
593 3331 665 3386 eet:
684 3328 785 3383 misces
804 3329 851 3382 Br
870 3327 998 3395 (mixtum
1018 3331 1052 3399 b).
1187 3388 1189 3393 ,

114 3408 142 3456 li
159 3402 276 3457 linteolo
296 3400 400 3470 (linteo
416 3398 443 3467 b)
457 3400 492 3453 tr
508 3399 578 3456 Gela
598 3401 628 3455 in
646 3401 721 3454 lineo
740 3397 856 3453 linteolo
871 3401 907 3453 B.
981 3405 1015 3454 18
1033 3398 1129 3455 tundis

113 3473 317 3541 B(oontundes
334 3473 396 3538 br):
418 3483 467 3523 oto.
487 3471 544 3525 oet.
617 3471 671 3541 i(in
684 3467 856 3541 B)misoe(i)s
876 3473 951 3528 er.
