2392 3922
85 176 152 241 386
277 173 555 227 mmnornmuu
570 172 679 225 11111111
696 169 907 227 murnum

33 342 97 405 117
175 342 270 402 ltem.
293 341 395 399 tritam
418 357 486 400 cum
508 340 578 398 vino
596 337 634 398 da
653 338 763 398 ieiuno.
785 334 879 417 bibat,
901 354 993 397 sanus
1015 337 1056 397 fit

35 429 98 493 118
174 430 223 489 Ad
255 446 348 507 epar.
380 428 489 509 linum,
520 428 720 506 eupatorium,
755 432 886 506 costum,
924 427 1099 506 gentianam,

32 518 78 581 46)
86 518 307 580 aristolochiam
328 516 456 597 longam,
478 514 699 576 aristolochiam
720 514 889 594 rotundam,
913 513 1005 575 bacas
1027 514 1099 575 lauri
1125 554 1128 561 ·

85 607 211 667 mundas
234 608 298 666 sinc
323 608 443 686 cortice,
466 607 559 684 piper.
581 605 773 665 haecomnia
791 605 896 682 aequis
917 603 1099 682 ponderibus

60 722 65 729 ·
85 697 195 774 tundis,
214 697 323 774 remis,
341 694 481 754 servabis.
505 711 575 754 cum
591 711 716 753 necesse
734 691 835 772 luerit,
852 691 940 752 dabis
957 694 990 753 in
1006 692 1099 753 tribus
1120 713 1130 753 1

86 787 178 863 cratis
196 785 273 844 meri
290 785 353 843 vini
369 785 480 844 veteris
497 780 631 842 calefacti
648 780 782 841 cocleare
800 779 933 860 plenum
957 783 984 842 si
1003 789 1100 842 autem

87 873 245 952 febricitet,
268 875 300 932 in
322 890 398 951 aqua
421 870 515 931 calida
537 872 630 931 trium
652 876 805 948 cyatorum
826 887 977 931 mensma.

35 959 98 1022 119
175 961 222 1021 Ad
237 978 329 1040 epar.
349 968 473 1039 costum,
487 961 682 1039 eupatorium,
700 957 836 1037 lupinum
852 957 980 1020 crudum
999 961 1100 1038 aequis

87 1050 270 1130 ponderibus
292 1057 424 1128 tunsum,
446 1056 574 1127 cretum,
597 1049 798 1107 commixtum
817 1066 860 1116 ,ex
882 1047 940 1109 boc
963 1048 1049 1108 dabis
1071 1051 1100 1109 in

86 1140 184 1200 tribus
203 1140 295 1218 epatis
314 1137 460 1198 melicrati
478 1135 567 1197 calidi
584 1135 717 1196 cocleare
735 1135 869 1216 plenum,
889 1154 946 1215 per
959 1136 1099 1198 triduum.
1112 1158 1132 1198 n

88 1231 133 1288 sic
154 1230 236 1306 potio
260 1225 356 1286 danda
370 1234 424 1286 est
446 1227 555 1285 ieiuno.

36 1313 101 1376 120
176 1316 272 1374 ltem.
296 1322 397 1391 guttae
419 1315 595 1373 ammoniaci
607 1326 644 1376 ÷
656 1312 719 1394 llll,
741 1314 818 1373 costi
830 1325 867 1376 ÷
879 1313 903 1394 Ι,
925 1313 1100 1392 petroselini

35 1401 80 1463 51)
90 1403 272 1462 macedonici
285 1402 354 1482 ÷l,
370 1401 581 1464 feniculi÷ll
603 1402 658 1462 bac
677 1403 793 1481 species
809 1401 987 1482 tunduntur,
1005 1403 1100 1463 mellis

86 1499 185 1549 autem
208 1491 290 1548 attici
317 1489 425 1549 libral
448 1492 585 1549 semotim
608 1490 726 1571 bulliat,
752 1497 784 1551 et
810 1492 853 1550 sic
882 1489 1014 1571 desuper
1041 1510 1100 1552 me

85 1586 216 1637 moratae
231 1579 347 1655 species
361 1577 533 1637 funduntur.
552 1596 589 1637 er
603 1578 660 1639 boc
674 1581 775 1640 ieiuno
788 1578 899 1639 dautur
912 1579 1099 1641 cocleariall
1111 1600 1131 1641 c

86 1667 266 1726 intermissis
289 1667 399 1726 iterum
426 1665 542 1726 duobus
565 1666 671 1728 diebus
693 1669 841 1747 accipiant
862 1686 959 1746 usquc
988 1677 1100 1748 quater.

36 1751 97 1815 121
176 1754 272 1815 ltem.
295 1757 410 1834 piperis
436 1773 527 1833 grana
549 1753 643 1836 XXX,
670 1755 759 1817 bacas
780 1755 858 1817 lauri
879 1757 1009 1818 mundas
1038 1761 1099 1818 sine

87 1847 197 1904 cortice
212 1841 330 1922 [grana]
345 1843 380 1904 X
398 1843 487 1904 simul
504 1847 537 1904 in
555 1846 697 1905 mortario
715 1847 799 1924 teris,
821 1851 852 1905 et
874 1844 960 1907 dabis
982 1848 1015 1906 in
1034 1850 1100 1908 rinc

86 1936 181 1994 reteri
204 1939 303 2012 cyatos
325 1940 397 2013 tres,
419 1940 450 1993 et
472 1935 505 1993 iu
527 1951 562 1993 eo
585 1933 677 1993 latere
701 1932 862 1994 recumbat
890 1933 948 1995 boc
970 1954 1027 2015 per
1049 1938 1099 1996 tri-

87 2023 186 2083 duum.
211 2024 237 2081 si
259 2021 481 2101 febricitarerit,
503 2025 536 2083 in
559 2040 634 2102 aqua
657 2021 751 2083 calida
773 2021 867 2083 dabis.
1111 2045 1133 2086 n

35 2109 98 2170 122
174 2110 270 2170 Ι1313.
293 2114 436 2171 3311133111
459 2112 608 2171 1311131333
632 2110 780 2171 abellanae
803 2113 835 2170 in
856 2113 924 2171 rino
948 2115 1049 2194 terito,
1072 2121 1101 2174 et

86 2199 179 2259 dabis.

36 2285 98 2348 123
175 2288 272 2347 ltem.
295 2287 393 2367 vulpis
416 2288 550 2366 splenem
572 2290 679 2369 siccas,
702 2295 732 2348 et
755 2288 840 2348 dabis
863 2291 970 2349 tritum
998 2292 1099 2352 ieiuno

86 2378 118 2435 in
146 2375 274 2435 condito.
302 2384 352 2435 aut
380 2383 460 2436 certe
488 2383 617 2457 costum,
646 2377 765 2437 faenum
793 2395 945 2458 graccum,
974 2397 1101 2461 oryzam,

85 2467 171 2541 piper
195 2465 297 2541 aequis
319 2463 501 2542 ponderibus
524 2465 626 2524 tundis
648 2473 678 2524 et
701 2466 875 2526 incondito
898 2466 992 2528 dabis.
1112 2489 1135 2532 rs

34 2547 99 2611 124
174 2550 222 2609 Ad
246 2549 470 2629 spleniticos.
503 2553 577 2613 ficus
606 2560 636 2613 et
662 2553 769 2633 pilulas
793 2557 984 2634 cupressinas
1012 2557 1100 2618 deco-

86 2657 143 2717 que
168 2656 235 2698 cum
259 2644 352 2718 aceto,
375 2639 500 2699 3113313
524 2641 710 2723 cataplasma,
733 2650 763 2702 et
786 2645 924 2722 imponis.

35 2726 112 2830 125ι
175 2725 270 2875 litaqm
293 2726 368 2805 polii
390 2746 473 2805 cyma
493 2747 572 2807 quae
594 2732 679 2808 prius
706 2733 852 2812 nascitur,
874 2735 990 2794 teritur.
1015 2742 1047 2795 31
1070 2738 1101 2796 in

86 2835 154 2876 1133
236 2834 270 2874 rs.

36 2904 98 2967 126
175 2903 270 2963 ltem.
293 2903 426 2964 radicina
448 2904 528 2965 ebuli
552 2908 630 2966 sicca
657 2914 708 2967 aut
735 2917 815 2968 certe
844 2910 977 2972 radicina
1001 2913 1099 2975 salicis
1112 2935 1136 2976 eo

88 2996 225 3072 coquitur
248 2994 280 3053 in
298 3011 381 3071 aqua.
405 3001 436 3053 et
458 2992 542 3054 dabis
565 2996 665 3054 ieiuno
687 2997 789 3055 vinum
812 3006 906 3061 vetus.

35 3081 97 3145 127
176 3082 314 3160 Stipitem
336 3084 495 3141 novissime
513 3089 671 3161 purgatum
695 3081 770 3141 bene
794 3086 953 3148 combures
976 3095 1006 3148 et
1032 3089 1100 3167 pul·

86 3188 186 3230 verem
210 3170 310 3249 lacieS,
333 3177 363 3230 et
385 3170 477 3230 dabis

159 3321 385 3391 teupar'ccrium
398 3324 461 3390 (sic)
481 3322 516 3376 B.
573 3327 606 3375 13
624 3318 748 3375 fenuculi
764 3318 801 3375 B.
877 3330 910 3380 15
928 3326 1099 3386 funduntur:

86 3393 246 3446 tunduntur
263 3393 299 3447 B.
408 3397 441 3444 17
459 3392 593 3447 mundas.-
610 3390 708 3447 mundi
721 3391 757 3445 B.
845 3400 878 3448 18
897 3414 987 3466 grana
1004 3401 1099 3456 delevi,

86 3468 119 3515 21
141 3462 285 3516 radicinae
298 3465 360 3526 (sic)
373 3462 402 3516 B
420 3463 526 3531 (rasum
543 3464 602 3532 ed).
718 3466 752 3515 23
770 3460 870 3518 tritam
887 3467 916 3520 B
935 3472 1015 3535 (corr.
1034 3473 1097 3533 ed).

85 3538 119 3588 26
139 3531 307 3600 spleneticos
326 3533 362 3586 B.
418 3536 452 3584 28
470 3532 605 3600 policima
617 3536 680 3604 (sic)
691 3533 728 3589 B.
783 3537 817 3588 32
837 3535 970 3607 Stipitem
982 3541 1046 3610 (sic)
1058 3542 1097 3598 Β.
