2392 3922
128 163 199 231 256
447 164 833 218 canonomemscmm

127 325 163 378 ei
191 339 290 378 erucae
320 322 440 392 semine,
472 322 561 378 etiam
587 321 686 378 ceteris
719 320 867 376 adiutoriis
899 339 952 392 par
982 321 1148 378 beneficium

131 393 368 464 ministrantibus,
387 409 560 464 quaequam
573 392 694 450 maxime
712 391 743 446 in
760 391 850 447 libro
868 392 1057 464 fysicorum
1074 411 1145 450 com-

129 463 244 519 modius
263 463 445 536 disponimus.

533 553 550 608 i.
566 553 588 606 I
599 569 621 608 c.
635 553 743 620 2505)

396 644 429 698 dc
446 641 579 711 stirpibus
596 640 637 696 cei
655 642 760 696 oniam
777 641 886 710 inficis:

197 729 223 784 si
239 747 307 786 vero
330 729 361 785 in
382 729 512 785 faucibus
535 745 565 783 os
593 730 644 783 aui
666 727 776 798 ahquid
798 728 964 799 inhaeserit,
993 748 1099 798 aquam
1122 734 1150 787 et

128 799 228 856 oleum
255 801 380 857 calidum
403 800 546 882 contineat
570 798 601 854 in
624 815 671 856 are
693 803 722 854 et
750 802 935 882 spontaneum
962 800 1061 857 exiliei
1090 803 1150 858 sine

133 888 221 929 mora.
249 874 315 928 suni
338 875 368 928 et
390 871 448 926 alia
475 870 797 940 fys1corum·benofic1is
823 870 983 942 publicata,
1010 874 1061 926 sed
1090 891 1150 928 sno

129 942 210 999 ioco
234 946 269 998 et
290 947 442 1013 iempore
466 941 682 1000 conscribentur.
708 944 758 998 abi
777 960 830 1013 pcc
856 944 961 999 ultimis
984 945 1074 999 aeriis
1098 962 1150 1001 sec.

133 1016 194 1071 cod.
208 1015 300 1071 Berai.
313 1016 378 1070 tace
390 1014 535 1070 snbiancit
552 1015 709 1070 recentioris
722 1015 851 1070 editionis
867 1015 1039 1070 Priscianeae
1053 1024 1152 1071 anctor

68 1144 71 1150 ,
131 1086 216 1210 ‘pssunt
234 1087 350 1141 ethaeo
376 1084 513 1167 peneficia
540 1084 693 1167 tysicomm
720 1085 825 1168 optime
853 1085 1035 1154 comprobata
1063 1103 1150 1155 quae

161 1174 217 1212 unc
234 1157 309 1213 loco
328 1155 494 1211 ad1uncia
513 1172 531 1210 a
548 1157 649 1211 nob1s
667 1156 839 1227 profiteor
858 1173 932 1213 esse
950 1164 997 1212 etc.

508 1281 544 1349 cf.
559 1282 577 1337 i.
592 1282 613 1335 I
627 1298 648 1336 c.
663 1284 699 1337 21
709 1284 771 1349 (66)

131 1370 170 1424 de
188 1364 344 1426 tainardus
361 1370 449 1425 acriis
466 1372 558 1424 omisis
575 1371 691 1438 indictis
703 1372 863 1438 comanitas
877 1373 939 1439 (abi
955 1377 981 1427 ct
999 1371 1150 1426 secundum
1183 1375 1186 1380 “

112 1448 115 1453 “
132 1438 240 1509 fysicos
258 1441 401 1511 quaedam,
419 1446 451 1496 nt
470 1440 505 1494 de
523 1439 723 1510 experimentis
737 1442 763 1509 I,
776 1444 804 1509 2,
818 1447 836 1498 7
849 1444 917 1511 cic).

208 1687 256 1743 Aa
275 1688 534 1744 Antidotarinm
558 1688 695 1758 quoddam
712 1687 883 1756 deperditam
898 1692 967 1756 (nan
985 1692 1058 1758 qaod
1076 1698 1152 1746 catat

133 1759 323 1829 Physicoram
339 1760 492 1830 frapncento
510 1759 687 1814 Bnmeiiemi
704 1758 841 1814 adnomen
859 1764 885 1815 et
893 1775 948 1828 pm
961 1759 1033 1814 libro
1052 1769 1152 1830 quarto

134 1831 277 1899 aeciam)
292 1832 452 1901 pertineant
469 1846 537 1900 qnae
553 1830 594 1884 sic
610 1831 746 1891 citantor:
875 1887 878 1892 ,

207 1920 330 1991 menam
347 1920 383 1974 ab
401 1919 461 1989 ipso
480 1917 621 1974 Priscimci
638 1919 658 1974 i.
671 1919 692 1972 I
706 1920 832 1985 c.7(18)
851 1915 886 1971 de
904 1916 1070 1987 alopeciosis

213 1999 366 2056 ...ieron
384 1997 458 2053 dabo
477 2014 550 2066 quae
568 2001 633 2068 post
651 1996 835 2055 ordinabitur,

136 2070 159 2140 'd
179 2068 276 2140 ἱερὰὴ
296 2069 344 2125 διὰ
368 2071 581 2124 κολοκυνθίὸων
599 2072 714 2126 habetem
730 2086 824 2141 praece
841 2070 873 2123 in
891 2068 997 2138 Enpon.
1018 2068 1065 2124 Ps.
1087 2068 1152 2124 Gai.

138 2143 240 2212 (XIV,
257 2145 340 2210 327),
361 2141 408 2197 ced
429 2141 516 2196 aliam
538 2143 728 2209 confectionem
747 2140 890 2196 Ticidam
911 2140 1019 2210 simplet
1042 2141 1083 2195 ed.
1102 2157 1152 2196 ecc.

136 2215 218 2284 (tce)
232 2228 305 2282 quae
319 2211 360 2266 sic
373 2209 535 2268 conficitur.
548 2258 553 2268 .
566 2215 780 2270 ,conneniemem
792 2228 853 2268 cnm
863 2212 936 2267 Gora
950 2211 1154 2267 Vindiciani

139 2304 173 2358 in
187 2301 285 2358 Antii.
301 2300 414 2357 Vindoc.
430 2304 485 2355 109
498 2301 518 2367 f.
533 2305 602 2356 108ιι
613 2307 641 2356 1:
660 2290 720 2355 Ani
732 2300 805 2355 (iera
818 2298 973 2355 vindiciani
986 2298 1038 2367 qui
1049 2301 1154 2369 purgat

139 2372 238 2440 omnia
265 2370 338 2426 viiia
359 2369 491 2441 corporis.
529 2371 610 2427 Facit
633 2373 670 2425 ad
697 2371 869 2426 menamenis
897 2373 926 2424 ei
953 2369 1153 2424 melancolicis.

138 2441 284 2497 hiciericis
303 2443 333 2497 et
350 2441 477 2512 epaticis.
497 2441 667 2510 spleneticis.
688 2442 871 2498 elefantiosis.
891 2444 920 2495 ei
938 2442 976 2496 ad
994 2441 1153 2495 cataractas

134 2529 286 2586 oculorum
299 2533 330 2586 et
343 2531 380 2586 ad
393 2529 538 2600 paralisin.
558 2530 615 2584 Das
634 2530 790 2586 infantibus
806 2519 832 2586 d.
841 2531 874 2586 11.
892 2509 1058 2584 Mulieribis
1069 2519 1095 2584 d.
1106 2529 1153 2583 ΠΙ.

139 2618 216 2672 Viris
230 2619 304 2680 ÷S.
322 2618 423 2693 lichec.
443 2617 650 2687 coloquintida.
669 2618 748 2674 Aloe.
768 2617 902 2690 Gingiber
921 2635 976 2673 ana
990 2607 1050 2674 ii
1070 2616 1154 2687 Piper

135 2689 245 2744 album.
255 2688 289 2743 Pi
326 2689 472 2760 rlongum.
482 2688 566 2758 Piper
574 2689 694 2759 nigrum.
710 2688 1034 2744 CamidreosScamonia.
1047 2687 1153 2742 Cassia.

48 2785 54 2797 ·
141 2759 266 2817 Cosium.
309 2760 458 2815 uforbium.
477 2759 604 2815 Mastice.
624 2759 698 2815 Salis
713 2759 882 2814 ammoniaci
896 2773 995 2821 ana÷
1006 2759 1031 2814 S.
1051 2759 1153 2827 Myrra.

139 2848 268 2934 Crocum.
296 2848 511 2904 Cinnamomum
532 2863 589 2902 ana
611 2836 637 2903 d.
651 2848 685 2903 H.
713 2847 889 2918 Epithimum
903 2837 929 2903 d.
944 2849 990 2903 Vi.
1009 2846 1155 2901 Absinthii

138 2955 228 2994 sucus
243 2938 269 2994 d.
282 2937 317 2993 V.
334 2936 393 2993 Mel
411 2936 610 3008 despumatum
628 2936 701 3004 quod
722 2935 827 2990 sufficit
844 2936 875 2990 in
892 2936 992 2992 mulsa.

199 3086 201 3091 ,
250 3033 355 3082 aetecca
372 3026 448 3096 apad
462 3025 627 3094 Garipotnm
641 3030 673 3093 3,
686 3029 725 3081 24
742 3025 779 3080 ad
796 3026 877 3094 {inem
890 3026 1008 3096 capitati
1024 3024 1156 3092 inempti

139 3100 192 3155 ‚Pa
231 3098 306 3155 aicni
317 3098 396 3165 (HI)
413 3097 446 3152 de
463 3097 556 3152 coticis
571 3097 748 3166 cabinnpitnr
1032 3165 1035 3170 Ι

219 3175 370 3233 conditum
387 3174 483 3230 calicis
502 3177 647 3244 expertum
664 3174 802 3229 Prisciani
820 3175 967 3230 Theodori.
992 3175 1066 3244 quod
1084 3172 1155 3227 reci-

139 3250 191 3320 ·pit
208 3245 373 3320 petroselini
388 3244 563 3300 macedonici
576 3253 623 3302 etc.
712 3252 715 3259 '
1007 3252 1010 3257 '

17 3390 22 3401 .
140 3324 220 3392 qnod
243 3320 392 3391 pamniam
417 3319 449 3373 in
477 3318 582 3373 breniae
609 3323 778 3374 contractam
804 3318 918 3372 assumit
942 3317 989 3372 iiic
1010 3333 1044 3372 ca
1066 3316 1157 3372 codice

142 3408 201 3462 ano
233 3393 323 3447 ntimo
353 3389 398 3444 Ps.
431 3388 531 3442 Gaieni
561 3389 755 3444 additamentis
786 3405 820 3443 ea
850 3389 988 3443 Theodori
1015 3388 1158 3443 Prisciani

141 3462 265 3517 editione
282 3461 406 3517 secanda
418 3465 511 3526 aucto,
529 3461 619 3530 anatis
632 3465 708 3516 ectat
723 3460 780 3515 cad.
795 3460 886 3530 Lapd.
901 3459 966 3514 Bat.
980 3459 1027 3525 soi.
1043 3461 1090 3526 85,
1107 3459 1160 3513 nbi

140 3534 187 3587 sic
210 3534 310 3603 iepitnr
326 3533 359 3587 in
385 3547 453 3588 cina
479 3529 625 3586 colicmnm
648 3533 719 3601 (cap.
739 3535 776 3586 70
801 3530 933 3600 explendo.
959 3530 1040 3584 cerba
1067 3535 1159 3587 tentas
