2392 3922
58 148 124 214 150
382 149 572 205 rnaonoar
589 149 768 201 rarscnur

354 329 426 391 XVl.
450 330 495 391 lle
519 333 775 392 scotomaticis.

1 431 46 496 49
146 436 413 497 Scotomaticorum
436 444 467 497 et
489 436 749 517 epilempticorum
774 455 868 516 paene
895 436 1005 499 similis
1028 446 1074 501 est

56 527 88 584 in
121 524 217 585 isdem
250 524 369 585 casibus
406 525 582 587 sollicitudo.
635 525 727 586 simili
757 527 866 586 mentis
899 527 1074 588 confusione

56 612 236 695 alienantur,
264 617 428 693 quantitate
456 633 562 674 causae
586 621 616 674 et
644 614 848 693 magnitudine
872 615 1074 676 accidentium

29 701 119 761 osola
134 701 387 764 disterminantur.
420 703 577 764 iuvenibus
591 703 664 763 haec
678 720 767 782 quam
780 704 908 764 maxime
923 710 953 764 et
970 707 1074 765 otiosis

57 790 232 868 frequenter
256 793 375 851 evenire
394 793 557 852 consuevit.
595 793 741 869 contingit
759 794 849 852 etiam
867 794 920 870 qui
938 792 1074 853 haemor-

55 878 210 939 roidarum
233 879 391 940 sollemnes
416 883 599 941 evitaverunt
622 880 812 958 digestiones.

150 985 239 1028 curae
259 986 363 1028 eorum
377 968 448 1029 licet
463 969 721 1048 epilempticorum
740 968 802 1028 sola
821 969 958 1049 sufficiat,
975 976 1075 1030 tamen

56 1055 114 1116 hoc
134 1056 237 1117 ordine
261 1057 400 1116 visitandi
420 1065 497 1118 sunt.
535 1075 604 1118 cum
622 1075 692 1135 ergo
712 1059 893 1117 commoveri
911 1060 1075 1139 coeperint,

17 1156 44 1196 10
58 1145 195 1206 manibus
218 1163 269 1205 eos
293 1145 460 1226 continebo,
484 1146 605 1206 auribus
630 1163 734 1205 eorum
752 1144 931 1226 exclamabo,
954 1146 1075 1207 easdem

58 1234 165 1293 lortius
192 1233 357 1315 delricaho,
386 1234 508 1313 capillos
533 1234 655 1294 evellam
679 1252 715 1294 ex
737 1234 936 1314 temporibus,
968 1234 1074 1295 odores

58 1322 181 1382 naribus
205 1321 375 1404 admovebo,
398 1340 435 1382 ex
458 1322 558 1402 puleio
577 1331 665 1383 tunso
688 1322 735 1381 vel
758 1324 879 1399 origano
904 1328 955 1382 aut
979 1325 1075 1403 sinapi

58 1426 126 1470 cum
150 1416 233 1470 aceto
256 1412 349 1470 mixto
373 1410 539 1489 procurabo
559 1418 801 1471 sternutamenta.
843 1409 926 1470 cibos
950 1413 982 1471 in
1000 1419 1075 1472 tem-

56 1516 129 1577 pore
155 1501 335 1578 competenti
357 1498 485 1559 leviores
508 1499 593 1579 dabo,
617 1507 646 1559 et
669 1506 768 1558 cetera
791 1501 889 1559 omnia
913 1518 988 1578 quae
1013 1503 1075 1580 epi-

17 1585 206 1665 151empticis
225 1587 358 1648 ordinata
379 1595 448 1648 sunt
467 1587 632 1647 adhibenda
651 1594 747 1648 erunt.
788 1606 882 1647 unum
904 1589 1073 1667 superaddo

58 1675 137 1754 quod
160 1676 215 1735 hos
238 1676 412 1755 frequenter
436 1675 559 1735 ellebori
582 1678 714 1754 acceptio
738 1675 882 1736 liberavit.

351 1835 435 1895 XVlI.
459 1833 505 1894 lle
528 1837 779 1895 maenomenis.

4 1933 48 2000 50
148 1939 224 2000 Sunt
242 1948 323 2001 certa
337 1943 467 2018 insignia
486 1959 561 2019 quae
580 1959 790 2001 maenomenos
808 1940 947 2020 produnt.
977 1945 1076 2021 primo

58 2033 92 2088 ut
114 2047 182 2089 cum
202 2030 262 2089 sint
280 2031 344 2089 sine
363 2029 507 2111 febribus,
530 2036 618 2108 caput
642 2029 699 2089 sibi
720 2032 848 2108 graviter
867 2029 970 2090 dolore
994 2050 1075 2091 asse·

132 2168 146 2215 1
166 2164 208 2218 tit.
232 2163 272 2217 De
297 2164 487 2218 scotomaticis
513 2163 643 2219 theodori
670 2162 806 2232 prisciani
823 2164 870 2219 ΠΙ.
890 2182 917 2233 r,
941 2164 983 2219 De
1007 2168 1077 2221 scot.

58 2231 131 2289 XVI.
146 2234 174 2288 B
189 2235 257 2302 (siae
274 2252 348 2289 uum.
368 2242 400 2290 ut
417 2253 520 2305 semper
533 2237 567 2305 b).
623 2242 639 2290 8
658 2233 747 2288 isdem
757 2236 797 2290 B:
816 2235 928 2288 hisdem
941 2254 957 2291 a
971 2238 1076 2306 (emt).

59 2303 147 2357 simili
164 2305 205 2360 B:
225 2303 355 2359 similiter
372 2324 395 2361 r.
451 2309 547 2360 autem
566 2312 640 2376 (post
657 2305 770 2375 mentis)
789 2307 852 2360 add.
871 2306 907 2361 B.
982 2307 1077 2362 boola

59 2372 292 2430 disterminantur
305 2378 353 2431 rb:
374 2376 450 2430 solae
468 2376 656 2431 terminantur
674 2378 709 2432 B.
767 2379 797 2431 et
811 2379 870 2446 oc(c
884 2376 968 2447 blosis
988 2378 1078 2435 beat:

57 2445 210 2514 perceiosis
225 2447 261 2516 B,
281 2446 382 2501 ociosis
402 2449 460 2516 (ubl
479 2450 508 2501 et
520 2464 575 2518 pro
593 2448 664 2501 haee
683 2465 709 2516 q.
724 2451 771 2516 m.)
789 2466 812 2503 r.
886 2449 1076 2506 tconsuevit:

58 2519 264 2571 consuevenmt
280 2519 324 2574 ΨΒ
339 2518 422 2588 (solet
440 2521 474 2589 b).
611 2517 661 2587 qui
679 2518 898 2575 emorroidarum
913 2520 1077 2590 (etmorroy-

58 2585 158 2640 darum
176 2590 202 2657 a)
216 2591 266 2644 rb:
281 2588 450 2657 quibusdam
468 2587 627 2643 emorroide
638 2590 849 2660 verum(sic)B.
906 2594 920 2642 7
940 2589 1077 2647 sollemne

80 2656 86 2668 ’
126 2656 218 2713 stione
229 2661 244 2714 b
257 2661 310 2716 aaz
324 2662 383 2729 (ebt
392 2676 476 2714 -nes
486 2660 532 2730 Β).
603 2660 782 2716 evitaverunt
789 2663 916 2731 (-tavei
925 2663 1003 2730 cer
1011 2663 1079 2718 aar:

57 2758 93 2768 -
108 2730 192 2782 anmt
210 2731 236 2785 b.
333 2737 349 2785 8
369 2748 437 2785 cura
455 2748 551 2786 eorum
568 2732 624 2801 cB,
644 2749 793 2787 causarum
807 2733 854 2802 (od
868 2734 994 2802 praeced.
1011 2751 1076 2802 pec·

58 2801 158 2871 tineae)
177 2801 265 2856 beat.
345 2801 413 2856 licet
431 2803 501 2859 etr.
585 2808 601 2856 9
621 2803 791 2858 commoveri
808 2802 962 2859 rBzvexari
980 2805 1077 2860 edu!

60 2876 95 2925 10
117 2887 166 2925 eos
183 2873 248 2942 r(b)
260 2872 335 2928 Gal:
360 2890 410 2928 om.
430 2874 466 2928 B.
571 2874 686 2928 auribus
706 2891 729 2930 e.
749 2875 926 2930 exclamabo:
948 2875 989 2930 sa'c
1011 2877 1076 2930 er

59 2941 160 3012 (-bis)
181 2943 246 2998 aar.
352 2950 384 2998 11
404 2943 495 2999 evello
513 2945 557 3000 ΨΒ
572 2947 643 3015 (com
660 2947 950 3014 adolescebant
1043 2962 1078 3000 ex

59 3012 233 3083 temporibus
250 3014 291 3070 B:
311 3014 341 3067 et
358 3014 479 3084 tempori
492 3034 514 3071 c.
621 3021 653 3069 12
671 3014 766 3084 puleio
784 3016 828 3070 rB
840 3017 910 3083 Gal,
931 3016 1031 3086 -egio
1051 3019 1075 3072 b.

61 3083 155 3154 sinapi
172 3087 225 3152 ΥΒ,
243 3100 314 3154 —pe
333 3086 356 3140 b.
463 3093 495 3141 13
514 3086 602 3140 mixto
621 3105 645 3154 r,
664 3084 814 3139 commixto
833 3086 873 3142 B:
892 3087 960 3142 trito
980 3088 1076 3143 eeu.

60 3159 96 3208 14
114 3157 144 3210 et
161 3157 255 3211 cetera
272 3155 367 3209 omnia
385 3174 412 3225 q.
431 3158 550 3214 redu:
577 3158 606 3211 et
624 3156 661 3210 ad
679 3158 774 3228 cetera
792 3173 819 3224 q.
838 3158 874 3212 B.
949 3163 982 3212 15
1002 3157 1077 3212 ordi·

59 3226 131 3280 nata
149 3229 215 3281 sunt
232 3246 259 3284 r:
278 3243 328 3282 om.
343 3227 371 3280 B
386 3229 469 3295 (quae
489 3227 554 3297 epil.
574 3226 744 3282 conveniunt
761 3228 851 3296 simpl.
866 3229 972 3297 odat).
1045 3237 1077 3284 16

60 3295 195 3351 liberavit
212 3300 268 3354 rB:
288 3296 367 3351 —bit
385 3299 472 3354 seat.
547 3304 580 3353 17
599 3301 640 3355 ta't.
660 3297 701 3352 De
719 3299 892 3352 menomenis
910 3299 970 3354 IIII.
990 3317 1015 3368 r,
1035 3301 1076 3354 De

59 3367 193 3423 mxvii.
208 3370 244 3426 Β.
318 3371 350 3427 18
369 3384 550 3423 menomenas
568 3388 591 3439 r,
612 3385 696 3423 -nos
715 3369 773 3423 Bb.
847 3369 919 3423 Sunt
937 3372 1015 3424 certa
1034 3371 1077 3425 in-

338 3440 790 3581 1111111·
808 3444 834 3508 2·
847 3442 1076 3581 (1111

922 3814 944 3844 A
1036 3816 1071 3844 h.
