2392 3922
336 207 615 262 xnrmornnxun
631 211 903 263 enuxnnnnxsn.
1064 208 1129 273 379

69 363 108 432 39
204 371 253 432 Ad
277 372 436 434 calculos
459 373 707 455 expellendos,
730 376 819 435 etiam
842 375 1013 436 infantibus.
1037 393 1130 436 unum

118 460 263 522 calculum
295 463 466 543 porcinum,
500 465 623 523 seminis
651 462 802 545 cauliculi,
835 467 957 546 cymini,
989 464 1129 525 bacarum

117 550 191 611 lauri
215 553 365 611 siccarum
387 551 577 632 mundarum,
599 554 712 631 piperis
740 555 846 613 unciae
868 552 964 614 binae.
987 553 1060 615 haec
1084 573 1130 614 se-

116 642 242 718 paratim
264 639 431 700 tunduntur
454 647 484 700 et
506 639 582 700 bene
606 640 758 701 cribellata
782 644 814 701 in
836 660 929 703 unum
954 642 1131 720 rediguntur

117 731 147 788 in
173 727 254 789 dolio
282 730 385 789 vitreo.
410 728 493 789 dabis
518 728 651 790 cocleare
679 728 801 808 plenum
823 733 855 791 in
878 749 1005 792 caroeno
1028 734 1130 792 mixtis
1158 744 1164 783 τ

119 819 208 896 cyatis
231 816 339 878 tribus.
459 830 462 834 ’

69 900 110 965 30
203 905 253 966 Ad
281 906 403 967 cordis
431 905 604 988 dolorem,
637 909 726 967 etiam
754 910 780 968 si
808 910 893 987 spina
920 907 1056 968 doluerit.
1089 908 1130 968 la-

117 997 190 1056 saris
218 997 370 1075 cyrenaici
401 1013 492 1073 grana
519 998 577 1055 tria
606 995 726 1078 detrita,
753 996 850 1057 mellis
878 1002 909 1057 et
935 999 1012 1057 aceti
1036 1016 1129 1076 aequo

116 1083 249 1164 pondero
271 1091 306 1144 ut
328 1084 417 1145 iaciat
439 1091 538 1163 cyatos
561 1091 634 1165 tres,
656 1083 745 1145 bibat.

69 1167 106 1232 31
203 1171 253 1233 nd
272 1175 528 1251 auriginosum.
554 1172 676 1233 herbam
695 1174 924 1255 aristolochiam,
942 1193 1078 1235 muscum
1093 1174 1129 1234 de
1146 1187 1164 1226 1(

116 1269 192 1323 tecto
217 1280 308 1342 quem
331 1261 431 1322 firmus
454 1280 515 1322 non
537 1263 648 1343 tetigit,
676 1265 707 1322 in
731 1281 763 1324 se
786 1265 873 1344 teris,
903 1270 933 1324 et
961 1266 1074 1342 spargis
1098 1266 1130 1323 in

118 1369 250 1431 corpore.
274 1349 322 1410 vel
344 1349 497 1430 pulverem
515 1353 615 1430 ipsum
634 1350 727 1432 dabis,
750 1370 817 1412 cum
835 1355 904 1412 rino
922 1354 1017 1413 veteri
1039 1351 1129 1412 bibat.

69 1434 108 1499 62
203 1439 254 1500 Ad
282 1440 466 1500 auriculae
495 1439 661 1500 dolorem.
694 1439 804 1501 malum
835 1449 990 1520 granatum
1018 1444 1131 1502 siccum

116 1531 265 1609 exinanis,
295 1535 326 1589 et
351 1530 448 1589 mittis
474 1527 572 1588 mellis
600 1528 745 1590 coclearia
773 1529 831 1590 duo
860 1537 891 1591 et
913 1533 989 1591 aceti
1017 1530 1130 1610 glutum

116 1637 216 1679 unum.
252 1616 358 1678 bulliat
384 1619 417 1678 in
445 1635 476 1677 se
503 1619 603 1696 ipsum
629 1616 740 1678 malum
769 1626 931 1698 granatum.
964 1620 1000 1680 dc
1029 1619 1131 1699 argilla
1146 1634 1164 1673 12

118 1707 227 1767 deforis
256 1705 327 1766 linis
353 1713 387 1767 ut
414 1705 490 1766 bene
518 1704 629 1766 bulliat.
663 1709 752 1767 etiam
784 1708 918 1788 tepidum
945 1727 1000 1788 per
1027 1709 1130 1769 lolium

119 1794 192 1856 lauri
215 1797 312 1855 mittis
334 1797 366 1855 in
389 1793 560 1855 auriculam.

69 1879 109 1944 63
203 1883 253 1944 nd
277 1885 539 1944 intestinorum
561 1881 728 1944 dolorem.
752 1884 916 1945 brassicam
934 1883 1130 1945 britannicam

118 1975 247 2033 conteris
265 1979 297 2032 et
315 1991 419 2033 sucum
438 1973 503 2032 eius
522 1974 554 2031 in
572 1990 665 2050 aquae
690 1972 801 2033 calidae
821 1976 912 2053 cyatis
930 1972 1027 2033 tribus
1047 1973 1129 2033 dabis

119 2061 226 2123 bibere.
252 2069 303 2122 aut
326 2063 476 2140 cyminum
499 2060 658 2138 hispanum
676 2061 768 2121 dabis.
1143 2075 1164 2114 2(

188 2256 203 2303 2
220 2249 332 2320 porcini
351 2250 387 2303 B.
461 2253 520 2303 sem
536 2292 541 2303 .
558 2292 564 2302 .
580 2293 585 2304 .
601 2248 714 2318 cymini
728 2250 816 2303 bacae
830 2249 849 2305 l.
865 2249 938 2320 sicce
956 2249 1078 2303 mundae
1093 2251 1129 2303 B.

118 2320 221 2376 3bine
240 2323 304 2386 (sic)
321 2320 357 2375 Β.
465 2324 481 2373 5
509 2319 540 2373 in
567 2336 686 2376 caroeno
713 2320 822 2376 mixtis:
847 2321 878 2373 in
906 2320 1015 2375 coclera
1040 2320 1130 2374 mixta

116 2394 176 2462 (sic)
191 2393 219 2447 B
238 2393 300 2456 (nbi
325 2393 396 2447 male
423 2392 487 2462 lecit
514 2393 555 2446 cci.
578 2390 623 2443 in*
646 2391 766 2462 codera).
794 2394 829 2461 cf.
857 2393 936 2461 infra
960 2397 1022 2448 129.

119 2469 148 2517 18
163 2463 355 2518 stantinomm
372 2464 400 2517 B
413 2468 493 2527 (corr.
507 2465 568 2530 cn).
659 2468 694 2516 20
712 2465 756 2518 liic
773 2466 895 2534 seqnitur
912 2466 944 2518 in
961 2466 1019 2519 coci.
1038 2463 1129 2518 Brnc.

116 2537 173 2589 cine
187 2535 347 2590 discrimine
360 2535 491 2589 insertum
503 2534 687 2604 sraqnieninnn
703 2536 875 2590 notissimum
888 2537 960 2606 qnod
973 2553 1007 2590 ec
1021 2535 1130 2590 Dioclis

116 2607 153 2660 cd
170 2605 340 2660 Antiochum
361 2606 476 2675 epinicia
497 2621 596 2675 qroeca
613 2606 767 2660 demnatum
789 2613 828 2661 est
850 2606 956 2677 Corpus
974 2606 1063 2676 igliur
1080 2606 1131 2661 ho-

117 2676 200 2730 minis
221 2675 374 2730 dividimus
392 2675 423 2728 in
442 2677 564 2744 quatuor
576 2677 671 2744 partes
687 2679 773 2747 caput
785 2679 884 2747 pocius
898 2680 1026 2732 ventrem
1044 2679 1129 2747 atque

115 2747 261 2802 vesicam.
278 2791 284 2801 .
300 2790 306 2802 .
323 2749 398 2814 (dcc.)
418 2746 558 2815 reliquum
575 2749 687 2815 tempus
706 2746 790 2802 facile
808 2749 943 2803 transibis
963 2749 1023 2802 sine
1040 2748 1131 2803 valle·

115 2818 193 2873 tione
211 2818 449 2887 medicomm(cd.
466 2819 487 2886 f.
503 2821 655 2885 91b-93i).
673 2819 746 2873 idon
763 2821 853 2874 codem
871 2822 976 2875 ambitu
993 2821 1130 2889 fracmen-

117 2897 175 2943 tum
192 2895 270 2944 extat
287 2890 319 2943 in
336 2891 392 2944 cod.
407 2889 562 2955 Hafnienai
578 2895 628 2944 oet.
646 2905 700 2959 req.
716 2892 789 2944 1653
802 2892 842 2945 cic
855 2892 1018 2960 inscriptum
1027 2892 1058 2958 (f.
1070 2892 1130 2956 75⁶)

117 2960 188 3014 Item
207 2960 313 3030 dogma
335 2959 491 3029 Ippocratis
507 2962 579 3028 (post
597 2958 702 3012 librum
724 2960 794 3013 ariis
818 2960 986 3030 medicinae)
999 2962 1129 3015 einsdcrn·

116 3050 165 3100 qne
179 3032 338 3101 particulas
355 3034 473 3086 incertas
485 3032 567 3085 iubes
580 3033 612 3085 in
624 3038 810 3100 excerptorum
822 3034 987 3087 medicorum
999 3032 1129 3100 conuertit,

116 3121 197 3171 qrtam
206 3102 311 3157 Sorani
323 3105 451 3173 naqoycn
464 3103 537 3157 dckcit
548 3103 635 3156 editor
643 3100 678 3155 A.
693 3101 1129 3169 Torinna(Bac.1528)fi3⁶-4⁶

117 3177 148 3240 -l-
164 3176 278 3228 2a..3a,
297 3190 349 3227 cna
367 3180 457 3228 antem
474 3174 652 3241 inscriptione
669 3171 819 3241 Ypocratis
839 3170 960 3242 epistola
978 3172 1016 3225 nd
1034 3187 1130 3240 regem

117 3243 290 3299 Antiochum
313 3261 396 3314 qnam
413 3245 544 3313 pistrinis
566 3242 695 3310 cccmplis
719 3249 745 3296 et
770 3245 886 3312 repetito
907 3249 933 3297 et
960 3249 1067 3296 mntota
1093 3244 1128 3297 ie·

117 3317 197 3385 citor,
224 3321 289 3386 poci
306 3315 378 3370 banc
400 3317 488 3385 initur
509 3315 651 3383 epistolam
677 3314 765 3368 altera
791 3315 971 3369 remediorwm
992 3316 1072 3369 series
1089 3330 1129 3367 sc-

118 3388 223 3455 quiem,
246 3403 330 3456 qnam
344 3387 436 3455 priori
453 3387 595 3455 subinnyo.
