2392 3922
23 78 167 150 ’11

110 265 192 324 -dice
211 263 298 344 bono,
321 265 411 322 immo
431 265 564 323 omnium
584 265 635 341 qui
654 270 754 323 extant
774 266 799 323 si
818 281 878 323 non
899 263 1021 324 meliore
1041 271 1140 324 tamen

127 353 261 432 pleniore
281 370 375 431 eoque
395 348 437 412 i'ta
450 358 585 412 uteretur
603 359 637 412 ut
655 354 714 412 nisi
731 351 872 430 prudenti
891 352 1015 413 consilio
1038 372 1139 431 quam·

126 444 172 501 vis
199 443 288 501 tacito
312 460 328 501 a
351 441 450 501 verbis
483 443 612 501 auctoris
640 441 757 501 traditis
790 441 852 501 lere
884 460 944 502 non
976 441 1139 522 recederet,

127 531 183 591 boc
206 532 298 608 igitur
326 533 394 608 quia
417 529 531 590 lacunis
558 529 617 589 late
645 530 815 608 patentibus
843 529 978 610 libroque
1006 549 1066 592 uno
1096 533 1140 590 in-

127 627 211 698 tegro
240 620 351 679 omisso
382 618 520 678 mutilum
546 619 699 679 videretur
722 625 752 679 et
779 637 885 697 parum
908 619 994 700 utile,
1016 639 1085 680 mox
1109 623 1140 680 in

129 707 309 768 oblivionem
333 708 434 768 datum
457 714 502 767 est
526 714 555 767 et
578 709 730 768 rarissime
754 725 833 767 nunc
857 710 1014 787 reperitur.
1038 715 1141 769 contra

127 796 308 857 Heremanni
336 796 420 857 labor
446 803 654 857 monstruosus
686 803 773 875 atque
807 815 843 856 ex
876 797 987 876 duplici
1016 798 1140 876 perfidia

128 892 228 967 natus,
260 893 294 946 ut
327 888 379 965 qui
411 887 514 946 doctae
547 885 658 946 saeculi
681 885 734 945 llll
763 884 900 946 licentiae
928 893 1016 965 atque
1049 900 1149 946 vanae·

129 977 316 1035 coniecturae
340 977 435 1054 ipsius
463 975 620 1035 arbitrium
648 981 883 1056 superstrueret,
910 993 1072 1054 perennem
1096 979 1142 1035 in-

29 1098 31 1103 ·
128 1066 235 1124 merito
259 1067 434 1125 memoriam
456 1071 561 1125 nactus
584 1070 639 1144 est,
663 1083 731 1124 cum
749 1066 782 1124 in
799 1063 934 1125 Aldinam
956 1064 1142 1124 medicorum

129 1152 334 1214 collectionem
357 1155 498 1214 transiret
521 1152 658 1213 omnibus
682 1161 781 1213 notam
805 1161 835 1214 et
857 1172 914 1215 usu
937 1152 1061 1214 facilem.

219 1241 326 1302 Codice
350 1260 423 1302 usus
447 1251 493 1300 est
515 1241 720 1302 Heremannus
744 1261 803 1301 uno
828 1243 905 1325 solo,
936 1261 1024 1321 quem
1048 1243 1083 1302 ad
1107 1242 1142 1302 li-

130 1330 226 1390 bitum
249 1331 386 1409 correxit,

218 1411 248 1477 B
264 1444 307 1466 =
321 1417 555 1478 Bruxellensi
577 1436 625 1478 no.
646 1414 823 1479 1342—50
846 1419 969 1478 membr.
994 1420 1041 1479 fol.
1067 1412 1143 1480 1111.Ι

130 1500 206 1586 xss2,
229 1506 266 1566 de
290 1525 347 1585 quo
371 1505 423 1567 ubi
442 1505 594 1566 Aurelium
614 1500 647 1589 (i.
667 1525 692 1566 e.
711 1501 917 1590 Aurelianum)
938 1507 1031 1567 edidit
1054 1509 1144 1569 verba

94 1614 102 1629 ·
131 1595 202 1655 fecit
224 1594 404 1675 Daremberg
424 1588 539 1678 (111111,
563 1595 675 1655 Ztschr.
695 1595 714 1656 l.
734 1594 838 1656 Gescb.
858 1595 912 1656 der
929 1595 1058 1657 Medioin
1076 1605 1096 1657 t.
1116 1596 1143 1657 11

130 1683 222 1744 Bresl.
244 1677 354 1767 1847).
382 1685 479 1746 luerat
500 1683 550 1744 ille
572 1674 668 1765 ‚Jliber
691 1687 787 1745 sancti
808 1684 1014 1763 panthaleonis
1037 1688 1068 1745 in
1088 1686 1144 1747 Co-

130 1768 229 1833 lonia“
251 1765 285 1855 (f.
302 1767 365 1856 1⁸),
393 1792 430 1833 111
458 1791 553 1852 eoque
582 1775 634 1852 qui
661 1772 775 1833 Octavii
797 1773 952 1834 Horatiani
980 1793 1089 1835 nomen
1112 1778 1144 1835 in

132 1862 229 1922 fronte
252 1879 330 1923 unus
353 1864 439 1943 gerit,
463 1861 631 1940 descriptus
657 1864 721 1922 sine
745 1862 834 1922 dubio
858 1864 915 1923 luit
939 1862 1019 1924 liber
1039 1864 1144 1925 eodem

131 1953 251 2012 nomine
267 1958 425 2031 cormptus
444 1951 535 2011 chart.
556 1969 631 2011 saec.
645 1950 696 2010 XV
713 1950 851 2030 Phillipp.
876 1949 1031 2033 113701,
1054 1972 1144 2032 quem

132 2059 200 2101 cum
237 2040 311 2101 alius
348 2059 427 2102 nunc
459 2039 553 2101 codex
586 2042 619 2100 in
651 2040 779 2101 eundem
811 2058 969 2101 numerum
1002 2043 1144 2112 suffectus

131 2136 255 2210 prostet,
279 2128 483 2191 Cheltenhami
506 2129 615 2190 frustra
639 2148 663 2189 1.
685 2125 769 2192 1887
786 2132 858 2208 ipse
882 2132 1032 2208 requisivi.
1060 2133 1143 2208 prin-

78 2234 83 2244 ·
131 2219 244 2295 cipium
267 2225 366 2279 autem
389 2218 574 2285 coloniensis
598 2217 667 2279 libri
694 2238 762 2280 cum
792 2219 948 2280 confusum
976 2222 1144 2299 reperiatur

133 2324 201 2365 cum
219 2305 308 2388 alieni
328 2309 428 2386 operis
447 2307 620 2387 fragmento,
643 2310 674 2367 ln
692 2308 782 2369 alieni
800 2310 930 2369 auctoris
949 2327 1059 2370 nomen
1077 2312 1144 2369 uni-

132 2412 251 2455 versum
275 2414 349 2474 opus
372 2398 500 2456 traxisse
523 2396 648 2456 videtur.
675 2400 786 2458 etenim
809 2398 832 2458 f:
849 2391 884 2458 1b
905 2397 1073 2479 „Incipiunt
1097 2416 1144 2456 ca-

132 2482 224 2562 pitula
246 2483 317 2545 libri
340 2487 431 2563 primi
454 2483 551 2563 logici.
572 2481 577 2565 l
598 2487 704 2545 octavii
733 2488 863 2546 oraoiani
890 2487 927 2546 ad
950 2488 1144 2565 euporistum.

220 2608 260 2689 „l
284 2608 330 2668 lle
354 2611 557 2688 incipiente
582 2615 680 2670 secta
703 2605 932 2672 medicinae.“

220 2696 273 2779 „lt
297 2696 405 2776 Incipit
427 2698 553 2776 prefatio
576 2697 646 2758 libri
669 2695 842 2777 sequentis“
864 2691 942 2780 (scil.
965 2697 1145 2783 Theodori

311 2788 426 2866 prima
448 2781 687 2870 ‚,Nuperrime“).

222 2873 287 2957 „Ill
311 2874 419 2954 Incipit
441 2875 567 2954 prefatio
591 2879 690 2954 operis
715 2867 886 2954 sequentis“
908 2866 986 2958 (scil.
1008 2875 1063 2956 „st
1082 2894 1145 2935 me·

311 2958 428 3025 dicina“
442 3011 448 3024 .
464 3011 471 3024 .
487 3010 493 3023 .
507 2963 656 3024 Theodori
680 2956 832 3044 secunda).

222 3051 302 3133 „llll
325 3052 368 3114 111
392 3051 602 3114 iniectionibus
626 3047 818 3131 capillorum“

476 3147 531 3201 etc.
554 3159 649 3219 usque
673 3140 708 3200 ad
733 3160 795 3220 cap.

223 3226 367 3310 „xxxvij
389 3230 431 3290 De
454 3224 678 3290 loxationibus“.

163 3432 169 3445 ,
223 3378 292 3450 post
305 3372 436 3433 indicem
451 3363 801 3455 interposuere.)
817 3372 983 3450 sequitur
1001 3372 1146 3433 rubrica

133 3459 260 3545 „lncipit
287 3459 365 3521 liber
392 3463 507 3540 primus
541 3460 655 3540 logicus
688 3463 794 3521 octavii
826 3462 957 3521 oraciani
988 3462 1024 3521 ad
1056 3478 1146 3539 eupo-
