2392 3922
465 169 735 220 murmurum.
1041 166 1108 230 325

85 344 193 395 coques
213 343 248 381 ex
272 328 301 381 88
315 326 401 381 VIIII.
431 323 561 379 caelestis
582 341 648 378 sane
668 334 744 393 aqua
758 326 795 379 ad
813 325 913 380 tertias
934 326 1058 393 decocta,
1078 329 1107 379 et

86 423 121 460 ex
146 423 182 460 ca
205 422 256 476 per
282 405 409 460 triduum
433 406 463 459 a
482 404 608 474 singulos
631 405 712 473 potui
739 405 833 476 dabis,
856 407 979 475 prodest.
1017 406 1106 476 [Haec

87 486 216 541 omnium
235 486 389 540 commodis
409 484 600 555 operabuntur
619 483 643 536 si
661 485 773 540 labores
791 487 953 554 frequenter
971 485 1107 539 libentius

89 566 286 621 sustinentes.
303 607 309 619 .
326 608 331 620 .
351 567 399 620 Pr,
415 568 582 635 p.184,15.

187 726 345 792 111129
361 729 421 793 (86)
441 725 489 778 De
509 723 686 791 stomacho
706 727 739 778 et
758 723 831 778 eius
850 724 1026 793 querellis.
1046 704 1048 709 ’
1122 738 1134 777 5

159 823 290 895 [lmpono
323 822 485 891 frequenter
517 820 678 875 cucurbitas
707 820 762 890 ipsi
797 821 964 892 stomacho]
1002 826 1031 875 et
1064 821 1108 874 his

85 901 254 971 potionibus
287 901 465 956 adiuvandos
500 917 560 955 esse
589 901 703 956 suadeo.
740 905 869 956 ventrem
905 901 1037 970 ossifragi
1066 918 1108 955 re-

88 985 198 1035 sectum
216 981 302 1036 terito
322 984 352 1036 et
370 999 434 1034 cum
451 980 518 1035 vino
536 980 618 1049 potui
638 980 718 1051 dato,
743 982 825 1036 sedat
844 981 977 1037 dolorem.
1002 981 1107 1035 sermm

87 1061 213 1115 candens
232 1060 264 1114 in
281 1061 348 1115 vinc
368 1060 515 1130 extingues
534 1059 564 1112 in
587 1060 695 1128 gabata
714 1061 850 1129 arretina,
878 1064 907 1115 et
929 1061 1011 1130 potui
1031 1063 1106 1130 dato,

87 1138 266 1193 stomachum
285 1139 441 1193 confirmat.
469 1141 550 1193 rutae
570 1138 610 1194 lib
624 1141 645 1209 1,
665 1142 751 1195 bacas
770 1140 845 1194 lauri
857 1157 973 1194 numero
993 1140 1105 1208 XXVII,
1122 1153 1147 1191 ro

88 1222 189 1288 guttae
208 1218 380 1273 ammoniaci
395 1231 431 1278 ÷
446 1219 485 1287 H,
511 1219 667 1273 caricarum
685 1219 725 1274 lib
740 1221 773 1274 Π.
803 1219 887 1274 simul
905 1220 935 1273 in
952 1237 1046 1289 panno
1065 1220 1107 1273 in-

88 1298 206 1352 ductum
226 1299 372 1353 stomacho
391 1297 556 1368 impositum
580 1298 705 1354 dolorem
730 1299 820 1369 frigus
839 1290 941 1353 tussim
959 1304 989 1354 et
1005 1300 1108 1370 flegma

90 1379 151 1433 sine
170 1395 250 1433 more
270 1380 359 1435 sedat.
411 1445 413 1448 Α

159 1459 236 1513 mira
257 1459 337 1529 potio
362 1460 400 1514 ad
423 1457 622 1528 suprascripta.
651 1458 715 1513 folii
738 1459 853 1513 seminis
876 1459 1009 1514 mastices
1033 1461 1108 1515 croci

88 1539 195 1608 piperis
215 1556 271 1593 ana
289 1541 360 1608 ÷1,
386 1540 522 1592 bacarum
539 1536 614 1592 lanri
634 1551 668 1597 ÷
681 1538 701 1592 1.
731 1539 826 1592 omnia
849 1539 880 1592 in
902 1540 1047 1608 pulverem
1065 1556 1108 1594 re·
1123 1550 1147 1590 rs

89 1618 175 1671 dacta
194 1635 259 1672 cum
277 1617 344 1672 vino
364 1617 424 1672 afro
444 1616 560 1686 colligas
580 1620 610 1671 et
626 1617 762 1672 trociscos
781 1619 869 1672 facies
893 1623 922 1674 et
947 1619 1042 1673 ieiuno
1061 1620 1108 1674 vel

88 1701 153 1766 post
169 1701 173 1767 1
192 1702 231 1767 (p.
240 1702 306 1766 115)
326 1715 426 1752 cenam
447 1714 498 1766 per
522 1696 582 1751 dies
602 1697 627 1750 V
645 1697 692 1751 vel
710 1697 762 1751 VH
785 1699 866 1768 potui
891 1699 985 1768 dabis,
1010 1702 1039 1753 ct
1063 1717 1106 1752 sa-

88 1776 173 1831 nasti.
202 1777 309 1832 herbae
328 1776 484 1832 senecionis
504 1776 585 1831 flores
604 1794 668 1830 cum
687 1776 793 1847 carica,
819 1779 891 1833 bene
911 1779 1060 1853 subactum
1078 1781 1107 1832 et

88 1856 256 1927 impositum
274 1874 381 1912 summe
400 1857 482 1911 sedat
501 1856 639 1911 stomachi
660 1856 792 1913 dolorem.
904 1892 907 1896 ·

160 1936 404 2005 refrigeratorium
427 1935 572 1990 stomacho
598 1936 732 1991 infabre.
757 1954 837 1991 cerae
851 1936 891 1991 lib
905 1939 931 2006 I,
954 1937 1106 2006 lithargyri
1121 1949 1147 1988 ao

87 2015 128 2069 lib
143 2017 167 2085 I,
194 2016 312 2085 adipum
342 2017 421 2086 porci
445 2016 485 2069 lib
505 2017 533 2085 I,
560 2015 653 2069 mellis
681 2015 764 2084 libi,
793 2016 922 2070 conficies
952 2020 981 2069 ct
1008 2017 1104 2070 uteris.

88 2096 158 2149 item
178 2113 262 2150 rosae
284 2096 356 2150 folia
373 2096 464 2164 VIIII,
487 2095 593 2163 piperis
617 2113 707 2164 grana
721 2096 807 2149 VHH.
836 2098 963 2150 conteres
986 2096 1017 2148 in
1039 2096 1105 2149 vino

89 2175 134 2229 vel
162 2175 194 2227 in
223 2175 317 2229 calida
345 2192 432 2244 aqua,
464 2175 546 2243 potui
572 2175 667 2244 dabis,
701 2175 839 2228 stomachi
867 2175 993 2230 dolorem
1020 2176 1105 2230 tollit.

89 2253 256 2309 lenticulam
279 2255 310 2308 in
333 2259 414 2310 aceto
438 2257 548 2308 coctam
570 2256 645 2309 edat.
674 2255 783 2308 cocleas
808 2255 909 2308 crudas
923 2255 963 2307 ΠΙ
986 2255 1106 2309 sublatis

89 2334 171 2387 testis
191 2333 306 2403 glutiat.
335 2334 490 2389 satureiam
508 2352 572 2388 cum
589 2335 656 2389 vino
680 2335 779 2388 tritam
801 2335 882 2403 potui
906 2336 982 2388 dato,
1009 2352 1106 2389 erucas
1121 2354 1146 2394 25

88 2413 195 2467 virides
214 2413 326 2467 ieiunus
346 2415 421 2468 edat.
450 2414 495 2466 lac
514 2415 653 2468 bubulum
671 2431 736 2468 mox
753 2414 891 2468 mulctum
914 2415 954 2468 sic
979 2415 1108 2485 tepidum

88 2493 201 2546 ieiunus
211 2492 303 2562 bibat,
319 2493 448 2561 quamvis
458 2493 650 2548 exulceratum
660 2494 836 2548 stomachum
846 2498 936 2549 sanat.
955 2496 1107 2565 probatum

89 2576 140 2627 est.
161 2572 232 2626 item
246 2573 379 2628 mastices
397 2573 491 2642 pulvis
511 2576 540 2627 et
555 2573 688 2628 albumen
702 2575 748 2629 ovi
764 2575 787 2628 si
802 2575 955 2630 contritum
968 2576 998 2628 in
1012 2593 1107 2645 panno

88 2652 238 2706 inductum
266 2654 411 2707 stomacho
440 2654 610 2721 imponatur.
643 2658 750 2708 stercus
773 2655 911 2710 mustelae
940 2673 1003 2709 cum
1027 2659 1107 2710 aceto

88 2732 244 2786 contritum
267 2735 297 2786 et
320 2749 420 2802 corpus
443 2736 618 2801 perunctum.
651 2734 765 2789 faenum
788 2753 921 2804 graecum
944 2739 1055 2789 coctum
1078 2739 1147 2790 etro

88 2812 133 2864 ius
153 2812 213 2866 eius
233 2815 364 2881 potatum
387 2812 509 2880 rigorem
533 2816 561 2866 et
583 2812 794 2882 perfrictionem
818 2813 957 2868 stomachi
981 2813 1105 2866 discutit.

161 3050 349 3121 tossifragia
367 3054 390 3106 b.
450 3052 623 3105 tcandente
643 3055 666 3107 Ι).
717 3051 860 3120 extinguis
879 3053 902 3105 Ι).
958 3051 1063 3103 aritina
1081 3052 1105 3104 b.

89 3129 124 3175 10
142 3121 241 3175 Rutha
260 3125 284 3177 b.
368 3129 398 3175 11
419 3125 503 3192 gutta
522 3125 545 3178 Ι).
609 3129 640 3176 11
656 3122 809 3192 frigdorem
829 3125 851 3177 Ι).
927 3126 961 3174 14
979 3121 1052 3174 Mira
1069 3125 1106 3190 rw

88 3197 152 3262 (pro
171 3197 220 3262 po)
240 3195 264 3248 Ι),
320 3193 358 3246 ad
376 3201 403 3246 ss
418 3196 441 3248 Ι).
515 3192 589 3246 Folii
608 3200 674 3249 sem.
693 3192 821 3246 Masticis
841 3196 864 3248 Ι).
923 3197 956 3245 15
975 3192 1061 3244 bacas
1081 3195 1104 3247 Ι).

88 3270 122 3316 16
137 3267 171 3318 et
190 3270 225 3318 cu
239 3264 307 3319 vino
327 3265 349 3318 Ι).
423 3263 535 3334 colligis
554 3266 577 3317 Ι).
634 3270 667 3318 18
687 3263 818 3318 senecion
836 3266 859 3318 Ι).
933 3262 1062 3315 subiectu
1081 3266 1104 3317 Ι).

87 3377 121 3423 11
141 3370 257 3425 conficis
273 3373 296 3425 Ι).
406 3378 439 3424 24
459 3336 589 3452 sublatis
606 3372 693 3423 testes
713 3371 736 3422 Ι).
815 3340 881 3438 28b
898 3381 934 3427 ÷
954 3373 1003 3436 (ea
1026 3386 1105 3436 corr,

86 3477 148 3514 nrm
163 3462 248 3530 prius
262 3461 491 3529 habuerim-1).
563 3449 591 3512 It
609 3458 711 3512 mastic
729 3457 815 3526 pulsae
831 3502 836 3512 .
854 3500 859 3511 .
876 3503 881 3512 .
898 3460 920 3512 Ι).
995 3463 1026 3510 31
1042 3474 1105 3526 per-

88 3530 269 3586 hicationem
284 3531 307 3584 b.
