2392 3922
136 109 176 174 18
445 108 635 163 THEODORI
652 110 831 162 PRISGIANI

133 295 170 338 ex
198 293 336 336 umorum
364 273 461 335 colore
490 275 636 352 originem
662 277 817 335 c‘ausarum
845 282 1012 356 attestatur,
1039 284 1074 338 ut
1097 278 1155 340 ali·

134 364 250 445 quando
278 363 343 425 alba
370 362 527 442 aliquando
555 361 646 424 rubra
673 362 830 443 aliquando
859 365 950 425 etiam
977 367 1081 444 nigrae
1106 358 1172 428 vi?

132 453 238 514 deatur
256 455 386 532 propior.
420 459 450 512 et
468 452 536 512 ideo
552 450 673 530 speciali
691 453 866 531 purgatione
880 455 1004 532 purgari
1017 453 1152 518 debebit

132 560 201 602 nam
234 542 343 602 suadeo
375 543 460 621 prius
493 543 585 601 totius
613 543 747 621 corporis
775 559 877 601 curam
905 548 935 601 et
961 541 1176 621 diligentiam.

105 630 359 710 sdeoernendam‚
383 647 441 708 quo
460 630 588 690 ulterius
611 628 712 690 acerbi
733 636 763 689 et
786 631 919 710 corrupti
941 634 1057 692 umoris
1079 651 1152 712 per-

131 721 240 780 tinacia
261 738 317 798 per
338 718 482 779 inferiora
504 717 639 798 deposita
662 737 678 778 a
702 720 808 798 capitis
830 717 975 781 hactenus
994 722 1150 800 inquietu·
1182 756 1186 779 ;

132 807 201 868 dine
225 808 392 868 devocetur.

221 904 291 957 sunt
308 898 419 978 itaque,
438 898 463 957 si
482 896 519 956 de
537 896 672 974 flegmate
692 913 780 955 causa
798 896 846 956 vel
864 897 946 976 origo
965 900 1151 979 provenerit,

131 983 377 1064 apollegmatismi
399 984 560 1045 adhibendi
582 982 664 1044 tales.
710 983 885 1063 pyrethrum
909 992 939 1046 et
962 986 1045 1046 statis
1064 989 1149 1065 agria

90 1091 117 1132 13
131 1092 199 1134 cum
222 1092 313 1153 grano
336 1076 477 1135 mastices
500 1074 604 1151 aequis
626 1072 808 1152 ponderibus
830 1075 924 1134 mixta
946 1082 1073 1135 contusa
1095 1076 1149 1136 ad-

129 1161 298 1245 hibeantur,
316 1171 346 1224 et
365 1162 408 1223 sal
425 1181 494 1223 oum
512 1159 612 1242 puleio
629 1163 790 1221 contritum
804 1161 943 1222 similiter
957 1169 987 1222 et
1000 1158 1148 1245 <sinapi>

130 1270 198 1312 oum
222 1252 350 1330 oxymeli
372 1253 498 1310 mixtum
521 1267 572 1310 ore
596 1249 709 1310 diutius
731 1256 877 1311 teneatur.

218 1357 289 1419 ergo
312 1340 452 1418 quoniam
476 1336 591 1416 singula
614 1337 778 1398 accidentia
800 1341 931 1417 propriis
953 1341 1016 1400 suis
1034 1332 1146 1420 purga-

127 1425 260 1487 tionibus
286 1427 460 1506 liberantur,
487 1425 654 1504 superaddo
676 1429 861 1506 purgationis
889 1445 984 1506 genus
1008 1428 1088 1508 quod
1111 1431 1146 1490 in

87 1531 114 1572 15
128 1532 284 1576 commune
313 1517 377 1575 sine
406 1515 528 1576 alterius
556 1516 670 1574 umoris
697 1515 880 1593 praeiudicio
903 1524 1055 1597 operetur,
1083 1536 1144 1597 quo

127 1621 214 1664 omne
236 1621 344 1683 corpus
368 1604 494 1664 diversis
517 1602 672 1664 umoribus
696 1603 868 1664 infestatum
890 1603 1017 1666 relevari
1038 1609 1144 1684 possit.

198 1773 325 1828 1331333
339 1775 441 1831 Beer:
461 1774 553 1829 331333
568 1775 610 1829 13.
667 1772 820 1842 aliquando
835 1774 903 1828 elba
917 1791 967 1831 om.
982 1776 1018 1831 B.
1075 1776 1146 1832 elba.

127 1843 747 1916 ...33133631(33.)33ι1133...311313.
829 1843 953 1900 tetiam
970 1847 1087 1904 33311.

124 1915 267 1986 nigreev.
286 1915 400 1987 propior
420 1915 538 1975 631331
574 1915 740 1970 evidentur
753 1917 831 1971 Β13.
903 1916 976 1972 ant
994 1915 1059 1972 ideo
1079 1934 1144 1989 epe-

125 1987 280 2059 313111333,
301 1988 326 2044 d.
345 1991 382 2044 31
402 1987 448 2058 (Et
466 1986 568 2057 speto'
588 1985 758 2056 purgatione
776 2005 802 2055 p.
823 1985 849 2042 d.
871 1987 955 2057 631),
978 1987 1144 2058 Purgentnr

126 2059 197 2115 adeo
214 2059 343 2130 proprias
360 2058 576 2130 purgationibus
590 2056 648 2112 suis
662 2057 697 2113 Β.
770 2061 788 2110 4
801 2073 868 2112 nam
882 2058 1000 2114 suadeo:
1019 2059 1073 2129 χρὴ
1087 2060 1143 2131 pico

124 2130 171 2185 Ps.
192 2132 255 2187 631.
271 2148 301 2200 3.
317 2135 382 2187 326.
437 2129 515 2200 prius
529 2131 567 2186 31
587 2130 658 2186 6313
676 2127 805 2198 33333133
820 2130 856 2184 B.
911 2132 942 2184 et
959 2127 1143 2200 diligentiam

124 2202 206 2256 Bbr:
226 2201 391 2272 diligentius
412 2201 470 2257 631.
562 2205 652 2270 tque
672 2202 719 2256 bv:
739 2199 814 2270 quod
832 2201 930 2257 Β631.
1020 2200 1144 2257 ulterius

123 2272 234 2326 116313
257 2273 371 2327 33313.
480 2269 701 2342 333113313313
720 2272 767 2340 13,
791 2269 955 2341 pesteneoie
973 2272 1014 2327 B:
1043 2289 1142 2343 super-

122 2339 232 2394 natatio
253 2342 311 2396 631.
421 2342 591 2396 theotarius
610 2341 720 2397 36311
740 2359 789 2397 om.
809 2343 852 2398 13.
952 2347 967 2396 1
986 2342 1143 2400 devocetur

122 2412 150 2464 Β
163 2411 234 2466 6311
254 2410 410 2465 deducetur
428 2413 471 2467 13.
544 2416 561 2464 8
575 2416 640 2480 3331
657 2409 775 2483 (itaque)
790 2411 932 2467 adiutoria
949 2412 1002 2468 heo
1020 2415 1141 2471 313113

122 2485 189 2549 (non
207 2481 321 2551 Β631.)
394 2497 481 2537 cause
498 2481 544 2537 rel
563 2479 642 2550 origo
660 2481 689 2536 Β
701 2481 773 2539 6311
792 2500 941 2538 causarum
959 2484 1038 2554 origo
1057 2486 1101 2541 13.

120 2551 281 2621 provenerit
298 2551 417 2608 316311
436 2551 636 2622 333(3)3333311
653 2554 690 2608 Β.
809 2560 824 2610 9
844 2554 933 2626 capiti
951 2557 1026 2624 (33313
1043 2556 1141 2627 epod.)

120 2623 184 2678 add.
202 2623 260 2678 631.
324 2622 568 2693 epoflegmatismii
582 2621 718 2690 (-tioum
731 2631 796 2681 3313
810 2643 879 2682 coro.
894 2627 929 2695 1.)
943 2623 1140 2682 edhibendum

120 2692 295 2749 331131331
315 2694 454 2764 (1333133
540 2692 559 2747 31
579 2693 656 2764 631).
738 2696 879 2753 Piretrum
897 2700 926 2753 et
944 2696 1139 2768 stephisegrie

120 2782 184 2820 oum
202 2780 290 2834 grano
308 2765 436 2820 mesticis
451 2783 506 2838 equ
536 2764 599 2819 ibus
613 2783 640 2834 p.
655 2767 746 2822 mixta
764 2771 793 2823 et
816 2772 934 2824 contuse
947 2766 1139 2823 adhibeantur

120 2839 156 2896 Β,
174 2855 202 2920 p.
222 2838 252 2890 et
270 2834 403 2904 staphide
422 2835 532 2908 agriem
550 2852 615 2891 oum
632 2838 729 2908 granis
748 2838 844 2907 aequis
862 2857 889 2908 p.
908 2838 999 2894 mixte
1017 2840 1140 2895 contuse

121 2908 258 2963 edhrbees
282 2907 341 2963 631.
365 2906 480 2977 (3133131
502 2909 532 2963 31
554 2908 713 2982 stafisegrig
742 2925 862 2979 greum
889 2910 969 2979 equis
994 2928 1021 2980 p.
1045 2909 1139 2967 mixte

120 2982 238 3035 contusa
257 2977 361 3034 adhibe
379 2997 395 3034 3
412 2985 439 3034 31
455 2978 562 3048 piretri
578 3024 583 3035 .
600 3023 605 3035 .
623 3023 628 3034 .
649 2978 766 3034 edhibes
785 2979 819 3046 1).
893 2985 925 3034 11
942 2984 971 3035 31
984 2979 1054 3037 salis
1069 2997 1092 3038 o.
1106 3001 1135 3052 p.

120 3050 234 3106 contriti
252 3049 383 3106 similiter
397 3052 503 3105 etcum
518 3049 657 3119 oxymelis
674 3048 757 3104 mixti
775 3047 832 3129 sint
845 3050 878 3102 ut
892 3050 918 3105 d.
933 3054 1084 3106 teneantur
1098 3054 1136 3124 B,

119 3124 170 3176 eut
193 3121 236 3176 sel
259 3139 281 3178 e.
305 3139 332 3192 p.
356 3120 479 3177 contrite
506 3120 637 3177 similiter
660 3123 689 3176 et
711 3137 732 3175 c.
759 3118 890 3174 oximelle
917 3121 1008 3177 mixta
1035 3139 1083 3178 ore
1107 3125 1134 3182 d

117 3194 269 3247 teneantur
294 3194 351 3249 631.
382 3192 436 3263 (sel
463 3209 527 3247 oum
553 3191 646 3262 331313
674 3188 825 3245 contritum
852 3193 882 3245 31
909 3209 972 3247 eum
1000 3193 1135 3251 oximelle

117 3261 238 3316 mixtum
257 3279 303 3319 ore
323 3264 349 3321 d.
368 3266 499 3320 tenentur
516 3266 570 3335 31).
671 3259 764 3330 sinapi
782 3261 881 3316 addidi
899 3280 933 3318 333
949 3282 990 3336 pr.
1010 3271 1095 3322 133313,

117 3332 252 3401 quoniam
269 3336 298 3389 B
310 3336 380 3392 Get:
400 3335 467 3406 quia
485 3338 528 3404 13.
670 3337 702 3386 ld
723 3330 938 3402 purgationibus
958 3335 1076 3408 (-nib⁹)
1095 3339 1133 3394 B.

118 3408 152 3456 14
171 3403 246 3472 quod
264 3403 295 3457 in
314 3421 459 3463 commune
478 3407 586 3463 Β631.3
606 3419 751 3459 commune
764 3404 797 3457 ut
810 3404 854 3458 13.
911 3410 944 3458 lo
959 3421 1014 3474 quo
1025 3409 1133 3480 (qdrb)

116 3519 123 3529 .
141 3519 145 3528 .
163 3519 168 3529 .
183 3472 303 3527 relevari
321 3478 440 3534 31631.;
460 3477 535 3546 quod
551 3522 556 3532 .
573 3520 578 3531 .
595 3474 739 3531 ,relevere
758 3475 793 3528 B.
