2392 3922
130 181 197 248 376
356 182 636 241 surmoraarnu
652 183 925 239 rammasse

130 350 298 431 pessarium
320 349 446 407 missum
469 349 570 428 inicis,
592 347 718 409 mirifice
741 347 873 427 prodest.
901 347 939 408 ad
961 347 1065 409 ulcera
1087 347 1145 408 chi·

132 440 216 498 ronia
239 435 359 496 linteola
383 436 481 496 inlusa
504 438 707 517 imponuntur,
730 443 760 496 et
783 436 820 497 ad
843 438 1045 498 carcinomata
1066 444 1097 497 et
1113 436 1145 496 ad

133 527 231 587 omnia
253 524 376 585 vulnera
399 532 507 586 vetera.
532 525 568 585 ad
586 533 723 587 naturam
742 525 892 587 dolentem
914 526 947 587 in
965 543 1044 605 aquia
1061 527 1145 586 tritus

133 616 247 694 spissus
270 614 394 694 linatur,
417 621 447 674 et
470 613 625 674 linteolum
648 614 780 676 infusum
806 616 936 695 ponitur.
959 615 1146 695 paronychiis

134 722 170 765 ex
193 722 269 783 aqua
292 705 397 764 tritum
421 721 509 782 saepe
532 705 689 781 inungues.
1163 716 1172 758 s

222 794 308 853 cuius
327 780 502 870 compositio
521 791 589 853 talis
608 799 661 852 est.
685 791 824 852 aluminis
848 793 936 853 scissi
948 806 986 854 -:-
999 791 1049 874 111,
1073 791 1146 852 aloes

133 881 249 942 indicae
271 896 308 943 ÷
321 880 373 962 lii,
405 899 525 941 murrae
547 880 640 962 ÷11‚
672 883 754 941 croci
771 894 808 945 ÷
825 880 865 964 11,
897 887 1145 962 crocomagmatos

133 983 170 1035 ÷
183 969 236 1051 111,
268 969 434 1031 chalcanthi
460 969 501 1052 Π,
532 969 603 1030 mali
635 971 749 1048 granati
783 968 943 1030 corticnlos
976 973 1031 1050 qui
1062 971 1146 1049 primi

134 1066 298 1121 nascuntur
321 1068 478 1138 antequam
504 1077 593 1138 poma
615 1060 686 1119 fiant
708 1073 744 1122 ÷
758 1059 824 1140 ΠΗ,
854 1061 932 1119 aeris
955 1058 1040 1119 lloris
1064 1072 1100 1123 ÷
1116 1058 1145 1118 ll

136 1151 263 1210 cortices
287 1148 387 1209 tundis
411 1154 441 1207 et
463 1149 549 1228 ieris,
580 1165 700 1208 crocum
728 1154 827 1208 autem
849 1149 918 1207 vino
942 1150 1080 1209 aminaeo
1102 1154 1172 1208 autu

135 1238 248 1298 falerno
272 1237 411 1298 infundis.
441 1235 519 1314 quod
549 1236 606 1296 alio
630 1235 677 1296 dic
704 1235 784 1296 tollis
808 1236 844 1296 de
867 1238 936 1296 rino
964 1243 995 1296 ct
1018 1239 1050 1298 in
1074 1255 1145 1298 mon

136 1328 211 1386 tario
235 1328 316 1385 teris.
346 1343 413 1385 cum
437 1326 541 1384 tritum
569 1325 672 1405 luerit,
699 1324 810 1385 adicies
838 1331 868 1384 ct
896 1332 1012 1386 ceteras
1036 1329 1145 1406 specics

136 1412 265 1491 desuper
288 1419 318 1472 et
340 1415 371 1471 in
394 1412 515 1473 modum
539 1414 682 1474 coclearis
703 1416 843 1494 conteris,
866 1432 935 1475 cum
957 1414 1046 1475 mede
1072 1415 1145 1478 sulfi-

135 1503 232 1562 ciente
257 1508 286 1560 et
308 1501 377 1559 vino
405 1499 480 1561 bene
510 1500 672 1562 subactum.
701 1521 737 1562 ex
761 1521 796 1563 eo
823 1505 968 1563 trociscos
997 1504 1073 1565 lacis
1097 1506 1145 1564 sic·

136 1596 226 1669 catos,
250 1597 281 1649 et
302 1590 335 1648 in
357 1587 435 1649 aluta
458 1589 541 1648 molli
564 1589 705 1672 servabis,
729 1597 759 1651 et
781 1591 846 1652 loco
870 1593 950 1652 sicco
974 1595 1099 1672 reponis
1119 1594 1172 1652 in1⁵

135 1680 221 1738 vitro.
245 1677 281 1737 ad
305 1677 473 1756 supradicta
496 1677 533 1738 de
557 1681 827 1756 experimentis.

81 1759 126 1824 43
225 1767 273 1827 Ad
300 1766 505 1827 lumbricos.
539 1785 633 1827 cornu
665 1771 819 1830 cervinum
851 1787 935 1830 secas
968 1776 999 1830 et
1031 1770 1146 1831 scobem

137 1859 232 1936 ipsius
256 1875 323 1917 cum
350 1855 446 1916 mellis
468 1855 585 1916 modico
613 1857 645 1915 in
673 1876 765 1936 aquae
794 1856 905 1918 calidae
934 1861 1027 1938 cyatis
1055 1859 1147 1919 tribus

139 1944 222 2007 dabis
245 1945 356 2007 bibere.

83 2025 128 2089 44
226 2035 274 2095 Ad
306 2034 524 2114 profluvium
551 2053 567 2094 a
594 2052 646 2093 mc
678 2035 788 2094 tertio
821 2035 894 2096 haec
926 2034 985 2095 duo
1020 2037 1176 2097 remediao

139 2132 208 2185 suni
235 2126 475 2204 experimentata.
499 2123 535 2183 de
559 2123 672 2202 capillis
700 2125 795 2202 ipsius
818 2124 953 2185 mulieris
978 2127 1030 2204 qui
1054 2128 1084 2185 ei
1105 2144 1148 2186 ca·

138 2214 213 2273 duni
236 2213 353 2292 quando
377 2232 408 2273 se
433 2221 526 2293 ornat,
549 2213 619 2272 lacit
642 2220 787 2272 mataxam
807 2220 837 2273 et
853 2215 885 2273 in
908 2214 1007 2273 medio
1032 2213 1148 2294 nodum,

139 2309 169 2361 et
196 2303 226 2361 in
254 2301 360 2362 arbore
384 2319 568 2380 quacumque
596 2302 740 2380 pomifera
771 2301 843 2379 ligat
869 2301 906 2362 de
933 2304 1009 2381 ipsis
1038 2303 1149 2383 capillis

138 2408 231 2449 unum
254 2389 372 2451 nodum.
397 2409 471 2469 quos
490 2389 612 2469 capillos
630 2389 692 2450 illic
710 2390 852 2469 relinquit
871 2393 903 2451 in
922 2390 1029 2451 arbore
1049 2392 1148 2453 aliena.

138 2477 246 2537 mulier
268 2478 422 2537 manifeste
447 2486 576 2558 sanatur,
599 2478 687 2538 arbor
710 2486 809 2539 autem
832 2479 914 2539 arida
937 2479 977 2539 fit.
1160 2490 1178 2534 u

84 2553 129 2618 45
227 2566 275 2624 Ad
294 2568 455 2626 vesicam.
480 2565 623 2627 carbones
643 2566 679 2627 de
698 2566 804 2628 arbore
821 2570 939 2648 persico
953 2579 990 2630 ÷
1003 2568 1033 2649 i,
1056 2573 1150 2649 picem

139 2660 158 2767 f)
177 2687 199 2769 1,
222 2690 352 2748 resinam
371 2689 532 2750 astulosam
549 2661 568 2769 ἶ)
587 2689 613 2772 1,
638 2691 736 2752 oleum
749 2707 785 2755 ÷
799 2692 834 2773 Π,
857 2710 956 2754 ceram
973 2707 1010 2755 ÷
1023 2693 1059 2774 ΙΙ,
1078 2695 1152 2756 aceti

139 2779 300 2858 potionem,
307 2777 477 2839 lamminam
487 2781 726 2859 cyprinam÷ll
743 2799 817 2859 quae
827 2782 950 2842 terenda
960 2778 1151 2864 suni<teris>

140 2886 208 2928 cum
223 2874 305 2928 aceto
321 2869 352 2926 in
367 2871 508 2930 mortario
522 2868 692 2930 medicinali
705 2889 760 2950 per
774 2871 916 2952 triduum,
935 2878 1039 2950 quarto
1055 2879 1152 2934 aulem

141 2956 188 3017 dic
212 2956 362 3035 decoquis.
392 2957 439 3017 his
467 2959 499 3017 in
527 2958 668 3019 cacabum
691 2960 801 3038 missiS,
824 2960 963 3021 resolutis
986 2977 1056 3020 cum
1079 2961 1178 3041 oleas

215 3137 226 3180 1
248 3143 370 3196 cyronea
388 3127 424 3182 Β.
451 3196 457 3208 ,
478 3133 509 3207 Ν2
524 3135 588 3196 post
606 3127 797 3208 carcinomaba
815 3127 879 3181 add.
899 3129 928 3182 Β
945 3128 976 3182 id
995 3132 1038 3184 est
1057 3133 1098 3200 (eb
1116 3130 1153 3185 ad

141 3200 288 3322 iasub
321 3198 582 3323 baduila
600 3205 640 3324 al
657 3198 780 3324 111111
793 3196 885 3333 {aaa
901 3198 1094 3340 1111111ῗῇ
1108 3218 1153 3256 ⁰*

140 3338 212 3392 haec
227 3312 296 3396 duo}
309 3342 357 3396 aad
364 3356 452 3393 ascum
465 3345 573 3395 camma
585 3356 679 3396 rauca
691 3339 792 3395 usbioit
801 3340 846 3404 (ea
856 3346 966 3395 cadom
979 3289 1060 3397 cadara
1073 3317 1155 3400 aerbo

140 3411 265 3479 repetam
337 3416 371 3465 26
388 3409 498 3479 persico
517 3411 582 3480 (cio)
598 3411 634 3466 Β.
697 3409 761 3480 pica
779 3408 815 3462 Β.
877 3414 911 3462 27
929 3411 1023 3466 resina
1041 3415 1155 3470 asclose

142 3481 178 3559 (εξ
189 3484 204 3546 )
224 3481 260 3535 Β.
333 3480 395 3535 oleo
414 3480 450 3535 B.
504 3496 569 3561 care
587 3481 624 3536 Β.
697 3485 731 3535 28
748 3481 893 3559 potionem
914 3483 975 3546 (sia)
994 3483 1032 3553 Β.
1082 3485 1154 3540 lam-

140 3566 219 3602 mma
237 3550 354 3620 cypriae
372 3551 408 3604 B.
480 3552 549 3603 beris
568 3552 676 3606 addidi.
749 3555 784 3604 30
801 3549 852 3602 Has
873 3552 909 3618 (¹
919 3555 935 3620 )
954 3552 989 3606 B.
