2392 3922
131 162 197 226 394
318 161 597 214 Anrmorammu
613 161 719 216 BRUX.
736 159 946 217 SECUNDUM.

130 332 165 390 ad
179 336 293 408 partem
307 323 486 406 <vastiorem
501 324 642 408 iliorum>
656 334 687 389 et
699 328 778 389 circa
792 327 982 389 stomachum
999 347 1140 408 suspensa

128 418 203 479 collo
227 417 288 476 lino
310 424 458 496 portetur,
485 419 527 476 ita
553 422 588 477 ut
614 435 669 477 nec
697 434 772 495 aqua
799 418 953 496 contingat
980 435 1039 479 nec
1065 425 1140 479 terra
1187 479 1188 482 ,

127 511 222 586 ipsam
245 513 380 565 naturam
403 507 475 565 ursi.

78 595 142 660 185
216 593 264 654 Ad
283 601 502 673 conceptum.
521 611 643 672 gramen
657 595 739 655 corio
754 595 836 655 canis
850 603 955 656 curato
974 602 1009 657 ut
1026 602 1141 676 oportet

128 685 273 762 illigatum
292 682 409 743 steriles
428 684 585 759 concipere
603 681 682 743 iacit
705 681 785 743 idem
804 683 938 745 efficiunt
956 685 1139 747 mercurialis
1157 702 1169 745 t

128 784 158 835 et
181 772 309 833 verbena
327 771 447 852 herbae,
471 789 545 850 quae
564 777 625 831 tam
647 770 828 833 masculinae
851 780 923 835 sunt
945 792 1038 852 quam
1060 775 1139 836 femi-

128 881 224 923 mnae.

76 950 139 1016 186
216 951 264 1011 Ad
288 950 538 1030 dysentericus
562 947 616 1009 vel
638 950 701 1027 qui
722 949 871 1029 nimium
898 950 1038 1013 fluxum
1061 971 1140 1013 ven-

127 1044 195 1102 tris
214 1042 410 1120 patiuntur.
434 1055 536 1098 semen
554 1036 591 1097 de
609 1036 726 1115 lapatho
746 1041 857 1117 agresti
874 1041 949 1100 teris
969 1047 999 1101 et
1017 1042 1139 1102 mundas

128 1139 158 1191 et
198 1133 230 1189 in
270 1131 338 1188 vino
374 1129 469 1186 veteri
505 1128 590 1203 nigro
626 1125 711 1186 dahis
746 1126 804 1188 hoc
840 1129 959 1206 signum
995 1129 1168 1191 reddentia

128 1221 323 1299 quotiensque
347 1215 501 1276 assellatus
528 1215 632 1294 fuerit,
659 1216 769 1277 totiens
796 1224 900 1295 postea
927 1236 965 1279 ex
992 1219 1052 1279 ista
1075 1238 1138 1280 con·

128 1308 254 1368 lectione
277 1304 404 1365 curabis.

76 1393 138 1457 187
216 1393 310 1454 ltem.
334 1392 464 1453 cocleam
488 1410 556 1452 oum
578 1399 654 1452 testa
678 1399 709 1453 et
731 1411 820 1453 carne
840 1393 992 1457 comburis
1010 1405 1043 1457 et
1062 1400 1138 1478 teris,

127 1491 157 1543 et
183 1483 294 1542 lentem
325 1487 489 1539 nostratem
516 1487 547 1540 et
573 1482 668 1558 ipsam
696 1481 847 1543 comburis
862 1483 905 1543 'et
935 1487 1026 1565 teris,
1058 1489 1139 1567 piper
1193 1503 1195 1506 ·

128 1570 215 1632 simul
239 1571 343 1629 tritum
365 1569 468 1647 mittis,
491 1575 521 1628 et
544 1567 629 1628 dahis
651 1572 804 1647 potionem
822 1573 854 1631 in
877 1589 954 1651 aqua
977 1573 1082 1636 calida.
1149 1588 1168 1632 n

75 1658 139 1723 188
216 1658 262 1718 Ad
296 1658 548 1736 dysentericus
580 1657 635 1716 vel
667 1658 799 1737 quihus
829 1662 979 1722 nimium
1016 1672 1138 1725 venter

128 1749 212 1810 fluit
234 1750 274 1808 ita
297 1755 330 1807 ut
353 1746 467 1824 fatigati
489 1744 526 1805 ad
548 1747 715 1823 periculum
742 1750 929 1831 perveniant,
957 1750 1065 1834 facies,
1092 1753 1138 1814 ad·

127 1838 292 1899 miraberis.
320 1854 402 1896 mora
430 1833 558 1895 silvatica
587 1841 721 1914 tempore
754 1855 809 1898 suo
839 1837 953 1917 colligis
981 1859 1052 1902 cum
1081 1844 1139 1903 suis

127 1928 206 1988 ioliis
230 1934 259 1987 et
277 1927 406 2005 reponis.
431 1941 488 2003 quo
507 1930 641 2002 tempore
660 1923 766 2004 aliquis
785 1928 962 1988 necessitate
983 1932 1138 2011 retinetur,

127 2020 159 2077 in
182 2015 321 2078 cacabum
349 2013 454 2075 rudem
480 2015 589 2092 mittis,
621 2031 731 2091 coques
758 2014 831 2075 illud
857 2015 1018 2095 diligenter
1045 2035 1170 2100 usquea

128 2107 164 2166 ad
186 2108 303 2185 tertias,
331 2111 362 2164 et
384 2103 436 2163 das
460 2104 489 2162 ei
516 2109 632 2183 potum,
659 2109 690 2163 et
717 2106 858 2164 continuo
882 2107 1003 2185 stringit
1026 2107 1139 2170 fluxum

129 2197 280 2273 sanguinis
305 2196 356 2271 qui
379 2195 411 2251 in
433 2199 536 2251 ventre
560 2198 613 2251 est.

76 2279 140 2344 189
217 2283 263 2342 Ad
288 2282 538 2361 dysentericus
562 2286 596 2340 et
615 2282 675 2359 qui
698 2284 872 2360 sanguine
895 2282 950 2343 vel
973 2287 1138 2347 mucilla·

127 2374 221 2448 gine
250 2369 521 2430 assellantur.
554 2367 659 2446 gallam
691 2369 813 2430 rubeam
841 2378 871 2430 et
899 2376 1010 2433 cummi
1039 2374 1139 2437 album

126 2459 349 2519 alexandrinum
372 2459 475 2535 aequis
498 2456 680 2535 ponderibus
703 2458 804 2519 tundis
823 2467 853 2519 et
876 2463 976 2521 cernis
1000 2470 1030 2523 et
1054 2462 1194 2525 dahiss'

127 2546 258 2606 cocleare
282 2564 375 2605 unum
398 2548 430 2604 in
453 2562 506 2604 ovo
531 2544 642 2605 sorbili.

76 2631 140 2694 190
215 2634 310 2694 Idem
333 2641 363 2694 et
385 2633 478 2693 herba
500 2637 671 2712 argemonia
688 2635 785 2716 faciet,
808 2644 841 2697 ut
860 2639 925 2698 eius
945 2657 1051 2700 sucum
1071 2644 1138 2705 vino

126 2725 217 2782 mixto
237 2724 369 2800 accipiat.
394 2723 483 2781 etiam
502 2724 528 2781 si
547 2722 655 2801 aliquis
674 2724 752 2784 ferro
772 2726 862 2786 suerit
879 2744 1050 2809 percussus,
1071 2749 1138 2792 cum

126 2814 252 2891 axungia
274 2820 361 2872 tunsa
385 2809 511 2871 curabis.
536 2813 625 2872 etiam
648 2812 685 2872 ad
707 2813 829 2875 vulnera
851 2819 964 2893 pariter
986 2816 1066 2879 iacit.

74 2898 140 2962 191⁴
214 2901 308 2962 ldem
335 2900 472 2979 plantago
500 2900 583 2980 facit,
612 2908 644 2960 ut
670 2909 753 2961 aceto
783 2912 938 2986 coquatur,
967 2908 993 2965 si
1020 2908 1173 2969 mediceae

127 2991 233 3052 exinde
256 2990 346 3051 hibat.

197 3185 214 3234 8
233 3177 411 3233 disintericos
425 3178 454 3231 Β
474 3179 550 3246 (item
566 3177 666 3245 uafro).
743 3179 759 3227 9
778 3174 896 3244 lapatho
916 3181 998 3252 (culp.
1017 3181 1136 3254 lapatio)

125 3253 180 3305 ed„-
198 3250 308 3319 inpatio
327 3251 362 3304 Β.
437 3253 471 3302 10
493 3251 588 3302 vetere
606 3247 641 3301 B.
713 3244 766 3299 hoc
785 3263 806 3300 s.
825 3247 957 3304 reddenti
976 3269 1027 3307 om.
1046 3257 1088 3310 ed.

125 3327 159 3374 23
178 3321 315 3391 sanguine
333 3319 379 3375 vel
396 3317 595 3388 muccillagine
605 3318 668 3386 (aaa)
679 3316 714 3370 B.
765 3321 799 3369 24
807 3319 914 3386 gummi
929 3338 954 3374 a.
969 3321 1137 3380 alexandriri

126 3395 188 3460 (sic)
208 3395 243 3446 Β.
326 3396 359 3445 at
377 3389 455 3443 Idem
474 3405 508 3443 ex
526 3389 553 3444 h.
573 3405 599 3444 a.
617 3386 705 3442 facies
724 3388 760 3442 Β.
850 3391 1009 3459 agrimonia
1027 3396 1064 3451 B.

125 3466 159 3514 29
178 3462 300 3531 exungia
314 3464 349 3517 Β.
416 3458 608 3514 etiam-facit
626 3475 675 3513 om.
690 3459 730 3513 ed.
793 3457 875 3516 facit:
895 3464 951 3517 scit.
971 3469 1137 3534 argemonia

113 3533 231 3597 -(Dtosc.
246 3541 275 3599 2,
288 3537 374 3601 203).
447 3536 481 3585 30
504 3529 574 3584 facit
596 3532 640 3598 (eo.
669 3528 872 3602 dysentericis).
