2392 3922
522 184 686 239 ionicus
1045 183 1109 248 149

85 344 255 428 hydromeli,
278 347 334 409 vel
357 350 460 429 apiata
483 350 627 431 siluerit,
648 367 710 410 non
731 356 865 429 negetur.
906 351 939 409 in
956 349 1012 409 hac
1031 351 1111 410 enim

86 432 287 497 sollicitudine
312 439 382 499 vini
403 439 525 517 penitus
547 440 751 518 praesumptio
773 437 959 518 prohibenda
982 445 1036 498 est.

167 525 408 603 quiescentibus
437 528 536 606 itaque
570 526 818 588 commotionibus
844 545 904 588 una
936 544 1005 587 cum
1034 529 1110 587 acci-

87 610 224 675 dentibus
239 616 319 695 suis,
338 613 478 676 ciborum
495 615 653 675 humanior
667 615 825 697 ordinatio,
843 615 969 695 simplex
983 622 1112 676 attamen

86 708 114 761 et
142 700 335 781 digestibilis
369 703 534 765 ordinanda
561 706 627 765 erit
677 706 737 764 iam
768 704 870 765 fricari
900 703 948 764 vel
977 706 1109 765 exerceri
1138 715 1151 756 5

87 786 255 873 debebunt,
278 809 355 853 usus
383 798 484 853 mmen
510 795 630 853 veneris
656 794 776 873 penitus
803 791 992 853 inhibendus
1038 792 1110 853 solis

87 876 165 939 calor
189 887 223 941 et
244 878 426 942 balnearum
448 880 610 942 calidarum
632 899 723 961 vapor
745 881 891 942 arcendus
914 888 968 942 est.
1005 899 1110 942 cucur-

86 964 219 1029 bitarum
246 966 398 1031 beneficia
426 986 494 1031 cum
521 971 674 1048 sanguinis
702 969 885 1030 detractione
912 971 1002 1049 capiti
1029 968 1110 1029 adhi-

86 1052 183 1117 benda
203 1056 392 1119 ordinamus.
428 1057 571 1119 ordinabo
590 1058 743 1139 dropaces,
762 1057 906 1119 ordinabo
925 1060 1014 1117 etiam
1033 1059 1111 1117 sina-

88 1144 234 1226 pismm,
270 1152 302 1207 ct-
333 1164 453 1207 omnem
485 1165 607 1208 cursum
639 1146 783 1226 cyclicum
814 1145 1015 1207 adhibendum
1045 1162 1111 1205 esse
1126 1158 1152 1198 1⁰

88 1232 210 1294 madeo.
254 1236 330 1295 item
348 1253 434 1296 escae
457 1234 531 1296 locis
554 1235 752 1315 imponendae
775 1241 845 1295 sunt
867 1236 1011 1314 ustiones,
1034 1239 1111 1293 arte-

88 1322 250 1383 riotomiae
283 1322 453 1405 faciendae,
484 1323 593 1403 quibus
625 1325 702 1384 forte
730 1326 757 1384 si
785 1341 945 1403 possumus
977 1323 1111 1382 funestae

87 1408 179 1471 buius
198 1412 354 1490 passionis
372 1414 624 1491 perseverantiam
642 1430 856 1473 removeamus.
892 1412 982 1472 buius
1001 1412 1112 1471 etenim

88 1516 199 1559 causac
232 1500 434 1579 magnitudini
464 1502 577 1562 maiora
604 1506 675 1561 sunt
706 1508 737 1562 et
767 1501 935 1579 frequentia
966 1499 1112 1560 adiutoria

87 1587 287 1665 providenda.
332 1607 402 1650 nam
429 1589 667 1668 quamplurimi
694 1591 891 1668 sapientiores
923 1590 1013 1649 etiam
1040 1589 1153 1667 lysi-1⁵

88 1692 195 1735 corum
218 1674 371 1737 adiutoria
397 1678 603 1758 providerunt,
632 1679 665 1737 in
688 1677 810 1759 quibus,
832 1685 867 1739 ut
889 1679 979 1739 etiam
1001 1695 1056 1737 nos
1079 1679 1112 1736 in

88 1772 218 1824 nostro
247 1762 376 1826 libello
405 1766 601 1844 fysicorum
628 1766 923 1848 comprehendimus,
949 1783 1055 1844 magna
1082 1772 1113 1825 et

87 1850 181 1913 veluti
204 1851 350 1931 religiosa
372 1854 504 1915 remedia
525 1861 733 1934 procurarunt.

86 2056 111 2107 p.
127 2045 200 2108 148,
214 2045 252 2093 22
275 2040 367 2094 solam
384 2042 472 2109 Moti
490 2049 565 2110 aqua
582 2044 611 2096 te
631 2041 714 2110 sola),
739 2041 859 2096 solidam
884 2042 954 2097 Gal:
979 2039 1112 2094 tonsilem

87 2110 114 2163 Β
132 2112 199 2179 (om.
216 2112 259 2179 b),
287 2113 337 2166 ubi
358 2111 477 2180 Aquam.
504 2112 678 2181 hydromell’.
702 2112 749 2167 vel
772 2111 870 2182 apiata
892 2111 916 2165 si
934 2110 972 2180 f).
1009 2110 1113 2164 bibunt

87 2188 150 2237 ante
169 2198 244 2237 oorr.
265 2181 427 2252 (nicanor.

159 2258 178 2305 2
197 2251 380 2334 prohibenda
398 2254 494 2310 cdo:
517 2253 680 2308 adhibenda
697 2254 735 2322 B,
753 2252 889 2324 fugienda
906 2270 929 2307 r.
1003 2258 1018 2306 3
1038 2268 1112 2305 com-

87 2322 269 2378 motiombus
293 2340 351 2378 una
374 2340 396 2379 c.
421 2341 477 2380 acc.
502 2323 561 2379 suis
582 2343 611 2380 r:
639 2324 714 2379 unde
742 2322 976 2378 commotionibus
1004 2322 1062 2376 suis
1085 2325 1112 2377 B

88 2396 171 2457 (3-6
191 2411 246 2449 om.
266 2396 282 2449 b
301 2398 350 2475 gui
367 2396 474 2465 reliquo
490 2398 523 2450 io
541 2397 648 2452 treoim
665 2395 941 2464 eontrattt=Ga1).
1014 2402 1030 2449 6
1045 2412 1112 2448 usus

87 2466 188 2518 tamen
213 2481 328 2519 veneris
351 2468 458 2535 (cursus
482 2468 579 2521 tamen
601 2467 752 2521 vehemens
775 2466 874 2536 Nectit
902 2465 991 2539 Cijsus
1016 2468 1113 2520 tamen

87 2535 220 2589 ventrina
235 2536 265 2589 B
279 2538 339 2607 (om.
355 2539 371 2593 b
390 2555 451 2592 noo
464 2556 487 2594 o.
499 2540 589 2608 3-6).
642 2545 656 2593 7
672 2537 750 2592 calor
763 2539 779 2592 b
791 2538 862 2606 aar,
881 2537 1004 2592 calorem
1017 2557 1046 2594 r:
1067 2555 1111 2592 oa-

87 2604 253 2661 lidiorisB.
374 2609 404 2662 et
421 2625 471 2663 orn.
489 2627 512 2664 r.
620 2608 787 2663 balnearum
804 2609 852 2663 rB
864 2609 933 2666 Gal:
953 2626 1069 2664 -ornm
1088 2612 1111 2664 b.

87 2681 102 2729 8
122 2680 239 2747 relagata
257 2679 334 2746 (post
352 2678 544 2733 adhibendum
562 2681 607 2734 est
620 2707 654 2726 =
670 2682 696 2750 b)
710 2697 761 2736 om.
782 2679 846 2736 aaz.
950 2686 983 2736 10
1002 2697 1112 2734 omnem

88 2764 208 2801 cursum
233 2748 345 2817 cyclum
367 2768 396 2818 r,
429 2765 510 2805 omne
534 2750 664 2805 ciclicnm
682 2759 733 2820 (ac.
752 2768 776 2820 q.
799 2767 851 2820 seq.
874 2750 939 2822 iter)
957 2753 986 2806 B
1005 2755 1111 2820 (9-10

87 2834 138 2873 om.
152 2820 189 2887 b).
264 2823 380 2890 11(esse
395 2821 509 2892 suadeo)
519 2821 581 2877 iter.
597 2823 656 2892 (sic)
670 2820 720 2876 sed
733 2820 803 2875 locis
822 2821 888 2891 imp.
905 2840 926 2877 s.
940 2821 1066 2876 ustiones
1075 2821 1111 2884 B,

87 2888 163 2943 Item
179 2905 263 2944 escas
277 2890 333 2945 loci
346 2891 533 2961 imponendae
548 2895 614 2947 sunt
626 2892 752 2946 ustiones
765 2894 835 2962 ναί.
850 2895 878 2948 b:
898 2891 1111 2947 cucurbitarum

87 2959 234 3015 beneficia
265 2977 330 3015 cnm
363 2963 508 3034 sanguinis
541 2962 723 3018 detractione.
757 2963 846 3032 capiti
873 2962 1035 3016 adhibenda
1061 2962 1112 3015 est.

88 3048 165 3103 Item
184 3049 234 3118 (It)
252 3065 316 3122 esce
331 3050 402 3104 locis
416 3051 527 3121 capitis.
546 3052 593 3106 vel
611 3052 738 3106 cauteres
756 3050 892 3120 iponendi
910 3050 982 3103 sunt.
1003 3064 1037 3101 ex
1050 3046 1111 3127 qui-

88 3120 142 3173 bns
157 3123 222 3189 ...).
278 3122 472 3177 arteriotomia
480 3141 504 3191 r,
519 3122 746 3196 corteriotbomip
758 3122 884 3177 ustiones
901 3118 1111 3190 arteriothom1p

88 3194 140 3255 [sie
160 3192 215 3259 bis)
227 3191 263 3246 B.
338 3198 373 3246 13
392 3209 565 3248 removemus
583 3194 649 3249 er
663 3195 740 3262 (corr.
760 3193 851 3262 Neo).
925 3195 1029 3243 13-18
1047 3190 1112 3243 baec

87 3264 128 3316 sic
147 3262 232 3317 babet
245 3264 274 3318 b:
292 3262 369 3317 Huic
383 3263 469 3318 etiam
488 3281 572 3337 cause
586 3263 707 3318 maiores
725 3263 815 3317 nostri
828 3259 1018 3330 frequentiora
1032 3258 1111 3312 adiu-

88 3331 417 3408 t⁰¹4³*121'0Vi((lt>1‘1111t
435 3339 471 3405 (l).
546 3342 579 3389 14
598 3333 802 3405 magnitudinis
815 3351 837 3388 r.
912 3337 944 3386 16
963 3347 1014 3384 nos
1032 3329 1062 3382 in
1080 3347 1110 3384 r:

89 3420 142 3458 ont.
162 3404 200 3458 B.
274 3413 308 3461 17
327 3405 482 3475 lyricorum
499 3407 540 3462 B:
558 3405 716 3461 fiscicorum
734 3408 796 3475 (bia)
813 3422 836 3459 r.
911 3406 943 3456 18
962 3417 1111 3472 procurare
1189 3412 1192 3449 :

91 3478 158 3545 [pro
175 3480 205 3545 f)
219 3494 246 3533 r:
265 3493 455 3547 procuravere
473 3478 509 3532 B.
