2392 3922
468 167 737 221 ADDITAMENTA.
1042 167 1110 229 321*

86 320 271 390 malagmatis
285 321 383 391 facies,
399 339 432 375 ac
444 324 549 377 mundo
559 342 652 393 panno
663 325 787 379 induces.
807 325 976 378 calefactum
986 325 1106 393 impone,

88 405 121 455 ut
133 401 241 456 adunet
251 403 288 456 ad
299 420 328 457 se
339 420 452 457 carnem
463 406 491 457 et
500 407 607 473 potum.
623 404 675 458 VH
685 404 784 459 diebus
792 404 884 460 tolles.
904 405 991 459 etiam
1005 404 1108 458 iterum

89 481 143 536 fac.
163 499 318 550 numquam
336 482 393 537 tibi
412 500 480 552 epar
499 484 615 539 dolebit.
646 501 732 537 cornu
747 485 859 537 cervino
875 486 1029 552 combusto,
1045 502 1108 537 cum

90 560 201 615 modico
220 562 318 630 pipere
338 565 367 617 et
390 563 474 618 melle
498 564 634 632 contrite,
658 566 687 618 et
710 580 760 632 per
782 563 908 618 triduum
931 565 1012 633 potui
1031 565 1107 632 dato,

90 639 131 693 ita
149 641 232 694 utin
250 640 345 711 ipsum
363 641 439 696 latus
453 643 554 712 iaceat,
574 661 640 697 mox
654 660 739 696 sanus
753 642 810 698 fiet,
834 643 1010 713 plantaginis
1026 661 1107 697 sucus
1135 658 1148 697 5

90 720 203 789 tepidus
221 720 305 790 potui
325 721 408 775 datus
428 721 497 776 mire
517 722 662 778 succurrit.

196 826 245 881 Ad
258 828 302 894 II,
316 831 355 881 27
370 832 435 896 (77)
455 828 501 883 De
520 828 679 883 ictericis
699 832 773 898 (post
790 828 821 882 in
840 846 892 883 ovo
913 830 999 899 dato).

159 906 277 960 Radicir
302 925 384 961 sucus
407 909 488 977 potui
507 926 571 962 cum
594 909 671 962 dulci
695 912 760 963 ante
778 909 913 963 balneum
937 910 1020 962 datus
1044 928 1107 979 pro-

92 987 160 1041 dest.
190 987 305 1042 cimices
329 987 422 1056 inpari
446 1005 561 1042 numero
591 1006 655 1042 cum
677 989 774 1058 pipere
797 988 860 1042 triti
884 1005 919 1041 ex
941 989 1008 1042 vino
1026 989 1107 1057 potui

92 1067 200 1121 dantur.
230 1067 324 1136 lupini
347 1067 425 1122 crudi
449 1067 512 1122 triti
536 1071 565 1122 et
582 1067 747 1123 tenuissime
766 1066 883 1121 cribrati
907 1067 1059 1121 cocleareI
1077 1068 1108 1120 in
1122 1083 1148 1121 ru

92 1163 180 1214 aquae
200 1146 313 1201 calidae
333 1147 478 1216 quartario
496 1148 591 1215 bibat,
614 1148 691 1202 etin
710 1165 744 1202 ea
762 1150 843 1217 parte
862 1148 1020 1216 recumbat,
1040 1164 1108 1216 epar

92 1229 178 1280 curat.
197 1226 345 1295 pulverem
360 1226 452 1282 sileris
465 1227 594 1280 montani
609 1244 672 1281 cum
684 1227 751 1281 vino
765 1227 855 1281 veteri
869 1226 959 1281 bibat.
980 1226 1004 1280 si
1017 1227 1107 1296 frigus

91 1305 188 1374 fuerit,
211 1309 326 1360 tantum
348 1324 468 1375 pensum
485 1307 591 1376 piperis
615 1307 729 1375 misces,
753 1309 783 1361 et
804 1306 835 1359 in
857 1307 951 1376 ipsum
973 1307 1049 1360 latus
1068 1324 1109 1361 re-

92 1385 219 1455 cumbat,
247 1385 319 1440 mire
342 1386 463 1455 epaticis
486 1387 609 1457 prodest.
638 1387 707 1441 item
735 1403 908 1456 sagapenum
935 1386 966 1439 in
993 1386 1108 1439 modum

92 1465 174 1519 labae
192 1465 224 1518 in
238 1482 315 1533 aqua
334 1465 428 1520 calida
446 1483 498 1535 per
515 1466 642 1520 triduum
664 1466 760 1535 bibat,
783 1469 813 1520 et
830 1466 991 1520 intermisso
1011 1466 1056 1519 die
1076 1469 1108 1519 ut
1123 1480 1148 1519 15

93 1562 175 1613 supra
199 1545 345 1614 similiter,
372 1549 402 1600 et
424 1545 455 1599 in
477 1545 539 1614 ipso
565 1547 654 1600 latere
673 1547 774 1602 iaceat.
803 1547 857 1601 hoc
876 1547 953 1601 facto
972 1547 1107 1616 quamdiu

93 1625 171 1679 dolor
190 1625 225 1679 de
245 1628 329 1694 epate
347 1628 457 1694 pauset,
475 1626 565 1680 herba
583 1625 718 1694 lychnitis
737 1643 810 1694 quae
832 1627 922 1680 habet
944 1627 1108 1696 lanuginem

93 1705 223 1758 mittatur
240 1722 292 1774 pro
312 1704 410 1759 licinio
428 1705 459 1758 in
477 1705 600 1759 lucerna.
625 1705 758 1759 corticem
776 1704 881 1759 radicis
901 1705 961 1759 eius
981 1709 1107 1759 conteres

93 1788 120 1838 et
144 1802 242 1839 sucum
270 1785 330 1839 eius
359 1788 495 1853 quantum
518 1785 598 1854 potio
622 1785 692 1839 meri
718 1787 769 1853 est,
797 1803 847 1854 per
874 1785 1000 1839 triduum
1026 1785 1107 1854 potui

94 1865 182 1919 dabis.
210 1865 281 1919 item
300 1869 484 1934 expertum.
509 1865 635 1933 cymulas
653 1867 734 1919 rutae
759 1866 868 1918 duobus
888 1864 986 1934 digitis
1005 1864 1107 1932 pollicc
1122 1878 1147 1916 ao

92 1944 120 1995 et
137 1943 255 1997 minimo
276 1943 392 1997 dextrae
410 1960 510 1996 manus
529 1944 606 2012 leges
625 1944 665 1998 XI
683 1947 712 1998 et
729 1944 834 2012 piperis
853 1961 943 2013 grana
960 1944 1011 2011 XI,
1031 1944 1107 2011 quod

93 2022 115 2074 si
133 2022 223 2076 hiems
242 2023 343 2091 fuerit,
362 2023 414 2076 XV
432 2041 522 2093 grana
540 2023 636 2078 mittes
656 2026 685 2078 et
707 2023 776 2077 trita
800 2042 863 2076 cum
885 2023 951 2077 vino
977 2023 1106 2076 aminaeo

93 2102 183 2170 dabis,
202 2106 232 2157 et
250 2103 282 2155 in
300 2102 362 2171 ipso
383 2103 473 2158 latere
495 2102 596 2158 iaceat.
621 2103 690 2157 item
710 2106 891 2175 expertum.
911 2103 1015 2156 herbae
1031 2102 1107 2154 flomi

93 2181 196 2235 radicis
217 2182 352 2235 corticem
370 2182 470 2236 tritum
489 2199 523 2236 ex
541 2183 607 2236 vino
627 2185 677 2236 aut
700 2181 813 2235 condito
833 2180 915 2235 dabis
934 2197 984 2249 per
1003 2180 1063 2233 dies
1082 2180 1107 2232 V

92 2264 142 2314 aut
156 2262 207 2314 VII
227 2264 278 2315 aut
298 2262 367 2315 satis
379 2263 466 2331 VHH,
486 2265 515 2317 et
534 2263 689 2317 sanabitur.
719 2262 796 2315 item.
824 2278 935 2315 murrae
955 2261 1026 2314 costi
1045 2261 1108 2314 folii
1122 2275 1147 2313 rs

91 2358 147 2394 ana
165 2341 194 2409 b,
213 2341 285 2394 trita
304 2346 333 2395 et
351 2342 381 2395 in
399 2343 544 2410 pulverem
557 2344 673 2396 redacta
692 2340 812 2395 cocleari
826 2340 839 2392 Ι
853 2339 883 2392 in
896 2339 974 2409 passi
992 2341 1107 2411 potione

91 2424 120 2474 et
142 2437 244 2490 parum
273 2438 364 2488 aquae
387 2421 498 2476 calidae
520 2422 602 2491 potui
629 2423 709 2490 datu,
734 2420 832 2474 statim
858 2424 949 2476 sanat.
973 2420 1003 2474 in
1021 2421 1108 2474 musti

90 2517 126 2553 ex
144 2500 207 2555 uvis
228 2501 301 2555 albis
321 2501 421 2570 congio
441 2502 562 2570 cydonia
582 2501 607 2553 V
626 2519 683 2555 non
701 2504 823 2570 purgata
842 2517 958 2571 coques,
985 2505 1014 2556 et
1032 2502 1108 2555 mala

90 2579 196 2648 punica
214 2580 240 2633 V
259 2583 288 2634 et
307 2580 453 2634 sorborum
472 2581 639 2649 sextarium,
659 2599 706 2634 rus
726 2580 829 2648 syriaci
853 2583 883 2635 98
896 2582 921 2644 Ι,
947 2582 1020 2636 croci
1040 2582 1059 2639 b
1078 2583 1108 2634 in

92 2662 148 2731 l(p.
160 2665 225 2727 111)
247 2661 347 2714 eodem
369 2663 461 2715 musto
485 2678 587 2729 coques
606 2677 695 2728 usque
715 2662 752 2713 ad
771 2661 987 2716 crassitudinem
1006 2662 1107 2729 mellis,
1122 2674 1149 2712 ao

90 2739 169 2793 etin
189 2756 256 2793 vase
275 2740 366 2793 vitreo
386 2740 522 2807 servabis,
541 2744 569 2794 et
584 2758 647 2794 cum
661 2758 731 2808 opus
745 2741 832 2794 fuerit
849 2745 964 2810 propter
983 2742 1108 2795 dolorem

91 2818 193 2888 epatis,
213 2818 334 2888 ligulam
353 2836 452 2874 sumes.
481 2819 557 2874 item.
583 2820 641 2888 apii
661 2821 775 2874 seminis
795 2821 869 2890 scrip
883 2822 995 2888 XVIIII,
1014 2824 1107 2888 petro·

91 2898 176 2952 selini
196 2899 270 2966 scrip
284 2898 343 2952 XV.
367 2900 437 2953 trita
455 2899 485 2952 in
504 2899 569 2953 vino
590 2899 696 2969 optimo
711 2901 850 2969 melleque
870 2902 1036 2968 despumato
1051 2898 1107 2952 col-

90 2979 163 3048 liges
184 2981 212 3032 et
231 2977 261 3030 in
276 2976 366 3031 vitreo
383 2978 459 3032 dolio
478 2997 604 3048 repones,
624 2980 724 3033 exinde
738 2983 804 3048 post
817 2980 951 3034 balneum
965 2980 995 3032 in
1009 2978 1107 3046 tepida

164 3102 885 3159 3cervin1'1combustu...contritu...dat1'r...b.
943 3103 1058 3170 8p0tat
1083 3104 1105 3155 b.

92 3179 127 3228 10
145 3178 232 3227 tenue
253 3175 316 3240 (sie)
337 3175 360 3227 b.
434 3174 577 3229 12fric⁹lu
634 3181 667 3226 14
687 3173 854 3241 sagapinum
874 3175 897 3227 b.
972 3178 1003 3224 17
1023 3171 1107 3242 ligni·

90 3245 129 3298 tis
148 3253 169 3313 q
187 3248 210 3299 b.
288 3248 320 3296 18
340 3246 369 3297 et
387 3244 505 3299 mitatur
519 3249 542 3300 b.
617 3243 738 3298 conteris
758 3248 781 3298 b.
868 3249 900 3296 21
921 3243 992 3311 legis
1013 3245 1036 3295 b.

89 3323 125 3369 aa
144 3301 266 3385 liep‘Jb.
358 3315 449 3369 misus
470 3319 492 3371 b.
585 3321 618 3368 23
637 3315 703 3367 flom
723 3315 784 3381 (sic)
805 3316 828 3368 b.
909 3320 942 3367 ae
962 3315 992 3367 at
1010 3323 1047 3368 est
1066 3331 1109 3368 se-

89 3385 368 3455 munciassingulas.
415 3385 603 3441 26cocl’.l.b.
641 3385 790 3439 ardetur.
829 3387 934 3440 sanetb
980 3388 1072 3439 musto
1084 3388 1106 3440 b.

88 3461 173 3524 (haec
188 3477 222 3514 ex
238 3458 285 3510 Pe.
301 3458 380 3511 Pliu.
395 3461 423 3524 2,
437 3463 461 3512 4.
482 3461 515 3525 cf.
535 3464 589 3512 aot.
602 3475 630 3526 p.
643 3460 679 3510 45
697 3457 774 3524 Lips.
794 3462 819 3509 et
831 3457 919 3511 Marc.
934 3474 962 3526 p.
973 3461 1035 3525 304,
1050 3462 1107 3525 24).

90 3535 125 3583 28
145 3529 295 3584 citoniab.
352 3534 385 3580 29
405 3529 613 3597 rossyriacirb.
671 3533 703 3580 31
719 3543 814 3580 servas
829 3529 852 3581 b.
909 3529 1114 3598 3lreponisb.

145 3631 287 3670 rneouorus
301 3626 439 3671 Priscianus.
455 3629 487 3668 eu.
501 3629 582 3670 sose.
925 3623 966 3672 ‘ai
