2392 3924
144 147 189 211 30
456 145 646 198 unsonosu
663 145 844 198 Pmsomnr

145 314 249 374 sordes
268 313 304 372 de
323 311 487 392 parietibus
509 309 673 390 palaestrae
693 309 831 370 collectae
850 311 882 370 in
900 327 999 387 panno
1018 310 1158 373 inductae

144 403 264 463 faciunt.
305 400 362 460 hoc
380 399 470 460 calcis
488 398 544 460 flos
562 400 708 480 cerotario
727 401 847 479 mixtus,
869 398 925 459 hoc
943 398 1020 479 lapis
1037 400 1159 462 molaris

143 499 250 551 tunsus
274 495 304 550 et
327 488 497 549 cribellatus
515 494 546 548 et
568 489 686 548 resinae
704 488 883 548 commixtus
900 487 979 548 facit.
1019 489 1159 551 similiter

143 578 240 658 pulvis
264 579 440 638 ammoniaci
463 583 493 637 et
514 594 639 636 mannae
663 578 740 637 turis
764 594 832 637 cum
855 578 955 636 resina
978 579 1156 640 commixtus

117 666 347 728 sterebinthina
374 668 487 726 saniem
514 667 660 726 maturius
687 664 866 744 procurabit.
913 667 957 725 sic
979 665 1157 728 sandaracae

143 755 296 834 pulverem
323 773 392 815 eum
415 753 551 832 adipibus
574 755 734 814 miscentes
757 753 946 836 adhibemus,
973 762 1025 815 aut
1047 754 1156 817 calcem

143 847 238 904 viram
265 862 333 904 cum
361 842 499 923 adipibus
527 841 674 903 similiter.
720 843 849 920 quodsi
875 841 931 904 tibi
958 842 1069 904 durum
1094 862 1155 906 em·

142 932 287 1013 plastrum
319 934 415 992 visum
447 932 551 1012 fuerit,
583 930 682 991 oleum
715 937 887 1011 competens
916 933 1097 994 misceamus
1124 941 1156 994 ut

141 1029 309 1101 temperare
341 1020 417 1081 bene
449 1021 552 1100 possit.
598 1019 655 1078 hoc
681 1018 779 1099 pulvis
807 1021 896 1080 etiam
923 1021 1053 1099 pumicis
1080 1022 1154 1083 facit

102 1127 129 1167 ιο
141 1128 210 1170 nam
234 1117 264 1170 et
287 1108 411 1170 asfodeli
433 1108 549 1168 radices
568 1114 669 1167 coctae
687 1107 734 1168 vel
752 1108 861 1168 crudae
880 1127 948 1168 cum
968 1108 1076 1170 hordei
1093 1110 1153 1189 pol·

141 1198 252 1259 linibus
285 1205 318 1258 ut
349 1197 527 1277 cataplasma
559 1195 743 1257 adhibendae
771 1203 873 1278 erunt,
905 1203 955 1257 aut
986 1196 1153 1278 hyoscyami

141 1286 210 1347 folia
233 1305 301 1347 cum
325 1285 460 1366 oxymeli.
801 1292 805 1297 '

88 1377 129 1440 29
230 1381 460 1454 corrumpentur
484 1375 598 1434 interea
626 1372 777 1434 faciliusve
800 1374 962 1453 putrefient
984 1374 1152 1458 choerades,

141 1465 167 1524 si
194 1462 285 1524 alium
316 1465 420 1524 tritum
452 1481 521 1524 cum
548 1462 756 1542 cataplasmate
789 1464 912 1539 seminis
940 1462 1050 1524 liniet
1076 1464 1151 1525 faeni

101 1569 126 1610 16
140 1554 239 1630 graeci
275 1553 401 1612 mixtum
433 1570 543 1630 coquas
575 1559 606 1612 et
637 1568 829 1630 perseverare
861 1554 1017 1629 permittas
1050 1552 1152 1615 diebus

140 1642 290 1701 continuis
318 1643 458 1720 quinque.
504 1640 560 1701 hoc
589 1640 630 1701 de
659 1642 821 1719 expertis
850 1640 1003 1702 habemus.
1050 1649 1102 1703 aut
1127 1643 1151 1702 si

212 1889 223 1936 1
241 1883 276 1936 de
290 1882 387 1938 aflet:
407 1897 456 1935 seu
470 1882 498 1936 Β
512 1884 548 1951 (p.
563 1887 610 1951 29,
627 1886 660 1936 17
674 1881 781 1936 hoc—2
801 1880 911 1936 faciunt
929 1897 980 1937 om.
996 1883 1025 1950 b,
1044 1899 1102 1940 noa
1117 1885 1148 1954 r).

137 1953 226 2008 ahoe
248 1969 299 2009 om.
318 1954 347 2022 b,
373 1954 422 2023 qai
439 1971 459 2008 a
479 1954 568 2008 ochis
586 1969 609 2007 o.
628 1953 656 2009 fl.
675 1968 728 2008 cer.
752 1950 856 2013 mixtus
883 1955 1010 2009 transilit
1031 1955 1078 2012 ed.
1089 1959 1149 2016 ,415

136 2023 314 2079 terebentina
333 2041 354 2079 s.
373 2041 410 2079 m.
429 2022 600 2093 procurabit.
711 2023 816 2077 mixtus
834 2022 905 2078 facit
922 2023 1028 2082 ὠθεῖ.
1100 2025 1150 2080 hoe

136 2098 172 2164 (et
189 2101 206 2150 3
225 2097 264 2165 et)
282 2111 333 2151 om.
352 2114 375 2151 r.
484 2096 549 2149 tet
567 2093 730 2168 cribellatus
749 2095 848 2150 rdet:
867 2109 917 2149 om.
937 2092 974 2150 Β.
1083 2093 1150 2151 fecit

134 2167 233 2222 Micia
253 2165 299 2221 Sic
318 2164 470 2235 (similiter)
488 2166 523 2220 B.
623 2170 641 2218 4
658 2183 685 2235 p.
706 2181 731 2219 a.
751 2165 779 2219 B
789 2165 861 2222 deza
880 2164 927 2218 Ad
944 2165 1072 2222 maniam
1089 2165 1148 2237 pul·

134 2235 178 2290 vis
196 2255 224 2293 r.
297 2238 327 2291 et
345 2253 396 2292 om.
414 2236 449 2292 Β.
523 2236 721 2291 troeurabit
734 2235 823 2305 (-vit
840 2239 865 2305 r)
883 2236 966 2292 Bbre
984 2236 1149 2307 provocabit

137 2308 195 2363 Get.
250 2306 291 2360 sic
308 2323 359 2363 om.
380 2308 423 2363 br.
492 2308 564 2360 bad
587 2306 695 2361 ‘bemus
709 2308 791 2362 Brb:
811 2306 962 2360 —beamus
978 2309 1039 2365 eet.
1100 2310 1149 2363 ant

134 2393 186 2433 om.
205 2379 249 2433 br.
329 2376 495 2431 'lsimiliter
512 2378 622 2434 Busta
641 2378 791 2433 miscentes
808 2377 931 2447 porcinis
950 2379 999 2434 br
1070 2376 1190 2445 Qum.

134 2448 261 2504 rBGel.:
279 2449 361 2504 utB.
442 2449 543 2502 durum
561 2465 612 2504 om.
628 2449 686 2505 (aee.
786 2449 887 2503 durum
906 2448 989 2519 empl.
1003 2448 1049 2506 B:
1067 2448 1190 2520 ampl'

134 2519 235 2572 durum
249 2520 292 2574 br.
410 2523 426 2572 8
440 2523 602 2590 competens
616 2522 656 2576 B:
676 2522 804 2574 -tenter
822 2520 880 2576 dee.
901 2522 961 2589 (om.
981 2522 1026 2590 br,
1045 2520 1096 2577 udi
1112 2520 1144 2577 cl

134 2588 268 2644 admissis
285 2591 327 2646 cel
340 2591 356 2645 b
371 2590 497 2647 amisces.
534 2590 656 2645 Pumicis
674 2609 702 2661 p.
716 2594 784 2662 ete).
865 2593 1058 2661 9temperare
1078 2592 1144 2649 Gale

134 2659 194 2714 —ri
212 2662 248 2716 Β.
356 2661 410 2714 hoc
428 2704 435 2718 .
451 2704 479 2719 ..
498 2660 570 2716 facit
588 2662 660 2719 Get:
679 2661 719 2716 sic
792 2664 851 2730 (om.
871 2660 952 2732 facit)
970 2663 998 2716 Β
1017 2660 1144 2732 (Punicis

133 2730 227 2801 pulvis
246 2730 377 2786 similiter
394 2731 465 2786 fecit
482 2734 536 2802 rb).
654 2737 688 2786 10
705 2734 816 2787 namet
836 2732 910 2788 Gela
930 2733 960 2786 et
978 2735 1015 2802 B,
1035 2749 1087 2790 om.
1103 2734 1141 2791 br.

134 2801 260 2856 asfodilli
278 2802 388 2857 radices
407 2804 505 2857 coetae
522 2805 555 2858 ia
572 2820 626 2859 rae.
646 2805 682 2858 B.
785 2801 940 2872 pollinibus
959 2803 1025 2862 Bb:
1042 2802 1142 2876 pollina

134 2874 192 2929 dee.
301 2879 333 2927 11
354 2876 435 2928 erunt
452 2874 566 2931 Met:
585 2876 651 2928 sunt
669 2877 712 2930 br.
822 2879 854 2928 12
874 2873 1006 2929 oximelle
1024 2875 1141 2943 rudo,

132 2943 257 2999 oximille
276 2946 304 3014 b,
327 2947 376 3001 obi
398 2947 479 3000 cocta
500 2944 570 2999 trita
589 2946 618 2999 et
636 2947 728 3014 (cocta
747 2946 832 3014 atque
850 2948 876 3016 r)
893 2944 1001 3015 iposita
1019 2947 1084 3003 odd
1101 2946 1138 3001 br.

134 3021 167 3070 13
184 3016 583 3086 corrumpentur-putrefient
601 3017 674 3072 dees
693 3018 874 3086 corrumpunt
895 3015 1002 3071 interra
1024 3018 1085 3088 (aie)
1100 3012 1139 3071 val

131 3086 323 3156 putrefaciunt
350 3087 486 3142 charadas
504 3089 533 3143 Β
554 3086 650 3156 (facile
677 3087 809 3156 quiredes
836 3086 1030 3157 putrefaciunt
1048 3089 1076 3158 h,
1101 3086 1137 3141 fa·

131 3157 212 3212 cilius
231 3159 362 3227 quirades
376 3159 528 3228 putrefient
540 3161 573 3229 r).
657 3165 690 3212 14
704 3158 729 3212 si
747 3176 797 3214 om.
817 3160 860 3214 br.
966 3175 1032 3213 oum
1048 3156 1134 3214 catha·

130 3228 270 3299 plasmate
292 3228 346 3283 lini
369 3228 483 3283 seminis
501 3230 531 3284 et
553 3228 642 3299 fenu(i
654 3229 757 3300 r)greci
774 3247 811 3286 m.
831 3231 881 3286 br:
905 3245 928 3286 c.
948 3246 971 3285 c.
991 3228 1132 3285 seminium

129 3317 167 3355 m.
186 3301 283 3357 Boea.
358 3305 391 3354 16
406 3298 545 3355 continuis
563 3302 683 3357 abdet:
702 3319 751 3357 orn.
771 3301 807 3356 B.
861 3300 928 3357 hoc:
947 3301 987 3357 eie
1005 3296 1129 3358 erth

130 3369 266 3426 habemus
285 3372 313 3426 Β
329 3371 400 3427 ceo:
425 3371 592 3426 adhibemus
607 3374 650 3430 br.
748 3374 799 3426 aut
816 3372 841 3426 si
864 3375 906 3441 (at
929 3373 981 3426 ant
999 3390 1030 3444 p.
1044 3375 1091 3439 31,
1103 3368 1128 3436 t)

130 3459 180 3496 one.
195 3443 239 3512 rb,
253 3443 303 3497 abi
312 3459 334 3499 c.
350 3442 377 3498 h.
391 3442 517 3497 radicem
529 3461 552 3511 r,
567 3443 627 3497 rad'
638 3445 664 3512 b)
677 3443 780 3498 tnndes
795 3445 824 3498 et
837 3461 863 3513 p.
878 3443 972 3513 ipsum
981 3441 1000 3498 l.
1016 3452 1126 3514 asperet

130 3511 216 3566 Betas
236 3529 258 3567 c.
274 3529 297 3569 c.
317 3529 341 3568 o.
361 3511 444 3568 trites
462 3513 582 3584 impone.
