2392 3922
140 174 206 239 352
477 172 821 226 canuno-ruuouom

140 350 230 402 aquae
245 331 356 386 calidae
371 332 477 399 cyatol
492 330 589 386 ieiuna
602 330 692 386 bibat.
717 330 793 385 item.
809 330 919 385 arboris
938 330 1014 385 mori
1034 329 1155 385 radicem

138 411 272 482 pusillam
287 411 404 480 colliges
415 414 444 465 et
453 410 542 465 linteo
553 409 719 465 obvolutam
732 410 795 466 loco
806 411 928 480 impone.
945 410 1061 466 sistitur
1070 408 1153 464 omnis

138 491 291 560 profluvius
320 490 480 560 sanguinis,
508 490 533 544 si
555 490 682 545 radicem
705 489 810 544 herbae
837 490 951 545 cunilae
978 490 1154 559 quantulam-

139 587 257 640 cumque
275 570 392 624 brachio
408 569 550 642 <ligatam
569 569 735 624 circumdas.
755 572 784 624 et
799 569 823 623 si
837 569 962 624 volueris
977 569 1041 624 eius
1056 567 1153 623 radicis

111 652 273 706 svirtmem
296 650 379 719 scire,
409 649 524 720 solvito,
552 652 581 704 et
604 651 696 704 denuo
714 649 859 718 manabit,
883 649 975 719 alliga
998 649 1112 717 iterum,
1129 649 1153 700 et

139 731 270 786 cessabit.
299 730 375 784 item.
405 729 477 783 mori
505 719 613 784 arboris
637 729 763 784 radicem
790 729 965 799 superiorem
988 729 1029 784 ad
1057 728 1152 783 collum

139 811 287 880 suspende.
315 810 393 865 item.
413 809 549 880 graminis
568 810 657 864 nodos
675 809 741 862 XXI
764 826 828 863 cum
851 809 909 863 suis
933 808 1059 878 virgulis
1079 823 1152 878 supcr

139 891 306 946 umbilicum
333 889 460 959 alligato.
489 889 558 944 item
586 889 681 958 lapide
710 891 815 958 gagate
844 888 999 958 suffumiga
1029 905 1105 956 eam,
1128 889 1152 940 et

143 976 242 1026 cessat.

99 1049 142 1107 1o.‘
211 1052 249 1106 ad
262 1051 431 1120 profluvium
444 1049 571 1104 mulieris
586 1051 615 1103 et
627 1048 734 1103 fluxum
748 1047 904 1118 sauguinis,
921 1048 961 1102 ad
976 1048 1075 1103 omnia
1088 1046 1151 1103 vitia

139 1131 270 1202 pectoris,
290 1133 327 1186 ad
347 1130 472 1201 splenem
491 1133 520 1184 et
539 1130 576 1183 ad
590 1145 665 1199 epar,
686 1129 723 1183 ad
740 1127 888 1198 calculum,
908 1128 946 1182 ad
966 1127 1151 1198 stranguriam

141 1216 170 1266 et
187 1212 356 1281 hydropem,
382 1212 419 1264 ad
437 1209 592 1280 pleuresin,
616 1209 776 1280 &dydimi
788 1207 1102 1285 --SP-ifflufl..i¹f.1.¹1.}¹.¹.²il,⁰⁵s
1120 1205 1150 1260 ad

140 1292 254 1345 umbras
273 1290 423 1362 immissas,
442 1290 488 1344 vel
507 1288 613 1357 siquis
633 1287 849 1366 dflfiffl⁸.„f¹¹,⁴i²jib
869 1287 962 1342 scribe
976 1288 1033 1343 hoc
1048 1288 1150 1358 signum

140 1378 202 1434 Ε
221 1369 251 1422 in
271 1373 391 1437 stagnea
410 1368 517 1423 lamina
536 1371 566 1423 et
583 1367 644 1438 liga
661 1361 785 1438 patienti
804 1367 841 1422 ad
859 1367 996 1440 collum).

98 1509 124 1548 15
182 1492 255 1546 XIII.
274 1491 321 1546 De
339 1491 452 1560 pessis
471 1491 529 1559 qui
548 1491 685 1546 faciunt
703 1492 746 1546 ad
763 1490 922 1546 matricis
941 1490 1108 1547 dolorem.

207 1589 315 1642 Lanam
333 1588 449 1642 mollem
472 1588 622 1642 collectam
643 1589 785 1644 inscita
806 1591 839 1644 ut
861 1587 990 1643 matricis
1009 1588 1150 1644 introitum

139 1669 263 1738 claudat,
282 1671 390 1722 certum
409 1671 453 1722 est
470 1669 604 1737 prodesse
624 1668 664 1722 eis
691 1685 764 1736 quae
784 1667 910 1724 matricis
930 1668 1030 1724 dolore
1049 1667 1149 1740 praefo-

137 1752 246 1818 cantur.
275 1748 447 1818 aliquotiens
471 1748 547 1803 enim
573 1748 737 1803 huiusmodi
762 1748 893 1803 mulieres
916 1748 971 1802 hoc
998 1749 1150 1818 patiuntur,

139 1830 280 1899 quomodo
297 1828 404 1884 semina
417 1828 602 1898 proiciuntur.
622 1828 646 1882 si
661 1828 722 1883 sine
736 1828 852 1884 vulnere
866 1827 971 1883 matrix
985 1828 1151 1886 intumescat

99 1927 126 1966 ao
140 1911 186 1966 vel
201 1910 305 1979 doleat,
324 1909 378 1964 hoc
396 1908 583 1963 medicamine
597 1909 694 1964 uteris.
721 1906 794 1978 picis
810 1908 901 1963 siccae
917 1923 952 1969 -:-
965 1908 1042 1980 XIII,
1061 1911 1151 1980 adipes

138 1990 269 2060 porcinos
288 1992 423 2059 recentes,
443 1991 493 2043 aut
512 1987 605 2042 oleum
623 2005 735 2043 roseum
752 2004 803 2056 pro
823 1987 916 2057 adipe,
936 1990 965 2042 et
985 2005 1104 2045 ovorum
1116 1989 1152 2044 vi-

212 2155 226 2202 1
246 2166 321 2218 aqua
340 2148 434 2203 calida
453 2149 564 2217 cyatol
583 2147 670 2217 (ciatfl
689 2153 747 2201 unii
764 2149 793 2218 9)
812 2149 856 2219 bp.
916 2147 1013 2202 ieiuna
1032 2150 1117 2205 bibat
1129 2169 1152 2218 u,

139 2220 240 2275 iuvene
259 2221 342 2275 bibat
361 2223 376 2277 b
397 2223 440 2288 (at
458 2225 569 2289 capra:
597 2218 692 2274 ieiuno
715 2217 796 2288 potui
816 2219 853 2273 da
870 2237 895 2290 9.
914 2223 1058 2289 semicana
1077 2239 1154 2292 orsay

141 2294 263 2360 (prades
280 2293 353 2345 Item
371 2291 389 2346 l.
409 2293 514 2360 gagate
534 2307 597 2344 eam
616 2289 795 2360 subfumiga).
904 2290 1015 2344 arboris
1034 2292 1108 2347 mori
1126 2311 1153 2347 a:

140 2360 211 2415 artli.
230 2361 302 2414 mori
321 2365 344 2416 b.
400 2367 415 2413 2
435 2360 552 2430 colliges
567 2363 595 2417 b:
613 2360 698 2415 tolles
716 2380 742 2416 a.
797 2359 828 2413 in
846 2360 935 2415 linteo
954 2361 1118 2418 involutam
1131 2382 1153 2418 a.

208 2431 271 2485 loco
290 2431 404 2512 impone
423 2433 451 2486 b:
472 2431 545 2512 collo
565 2432 704 2500 suspende
719 2450 744 2488 a.
818 2431 934 2486 Sistitur
952 2439 999 2488 etc.
1019 2435 1049 2490 b:
1070 2437 1100 2489 et
1118 2434 1155 2488 sic

137 2500 609 2642 lassessentibus,
632 2502 846 2645 amitiit?
864 2503 1078 2631 mm
1096 2594 1154 2646 aa.

137 2645 211 2709 aaa).
230 2644 370 2710 sequeutia
384 2658 467 2711 usqae
482 2645 521 2698 ad
534 2662 558 2699 o.
573 2649 609 2698 14
622 2645 695 2700 solas
708 2646 788 2701 babet
800 2665 826 2701 a.
882 2649 898 2698 8
912 2647 961 2700 hoc
974 2663 1065 2701 auara
1078 2649 1156 2703 babet

137 2719 162 2767 et
179 2713 253 2783 Μ.
269 2714 307 2767 ad
319 2718 371 2768 cl
386 2716 468 2781 sap).
525 2720 557 2768 11
569 2714 649 2784 splen
659 2734 685 2771 a.
741 2716 897 2771 cauculum.
913 2716 1117 2786 stranguiriam
1131 2738 1155 2775 a.

139 2789 172 2836 13
191 2783 319 2838 umbras:
345 2785 379 2852 cf.
400 2784 470 2839 Pela
489 2830 493 2840 .
514 2803 578 2855 app.
599 2787 755 2856 (45317un)
775 2789 813 2842 ad
833 2788 947 2842 umbras
967 2787 1156 2857 expulsaudas

138 2855 173 2908 de
192 2854 313 2910 stabulo.
420 2859 453 2908 15
499 2858 661 2926 epessibus
680 2864 726 2913 etc.
747 2861 763 2914 b
782 2862 814 2914 ia
831 2862 905 2915 rubr.
926 2861 961 2928 (ct
978 2861 1043 2914 item
1062 2862 1156 2917 iadb

138 2926 180 2981 De
194 2925 323 2996 passibus
339 2953 372 2972 =
382 2927 424 2980 De
438 2927 567 2995 pestibus
581 2932 618 2999 a).
637 2928 696 2983 XX.
707 2928 750 2982 De
765 2929 883 2983 diversis
897 2928 976 2985 vitiis
991 2930 1119 2984 matricis
1130 2949 1154 3002 9.

139 3004 172 3052 16
196 2999 274 3052 Lana
301 2997 395 3052 mollis
424 2997 623 3056 collecta...
647 2998 763 3053 claudat
789 2999 906 3066 prodest
924 3019 943 3054 a
963 3001 1093 3069 (prodest
1116 3005 1156 3057 sic

138 3071 220 3124 ctiam
237 3088 254 3141 9
273 3076 319 3124 cet.
339 3070 373 3137 cf.
390 3087 419 3139 p.
440 3074 503 3137 337,
519 3073 558 3138 8).
632 3072 665 3122 17
684 3066 733 3136 qui
751 3085 775 3138 9.
851 3074 884 3122 18
898 3070 1155 3142 Aliquocies-(la)

137 3140 313 3208 proiciuntur
332 3156 381 3195 ops.
396 3159 421 3211 y.
440 3143 480 3195 sic
499 3148 589 3195 autem
611 3140 690 3194 babet
707 3154 739 3190 c:
762 3136 826 3208 Alie
846 3138 922 3192 enim
937 3143 1002 3194 sunt
1027 3161 1083 3211 que
1101 3145 1155 3198 hoc

137 3211 289 3278 paciuntur
303 3213 332 3264 et
351 3227 446 3265 semen
463 3211 612 3280 proiciunt.
632 3211 662 3263 et
678 3206 782 3260 matrix
800 3209 891 3263 tumet
911 3210 971 3264 sine
989 3213 1107 3269 vulnere
1126 3218 1156 3270 et

139 3315 225 3372 dolet.
245 3316 299 3370 hoc
317 3319 396 3372 utere
415 3317 487 3371 med.
507 3323 553 3372 etc.
637 3291 684 3381 q⁰1i³1
704 3313 765 3379 (sic)
786 3313 801 3367 b
820 3315 865 3379 (=
884 3315 942 3384 ubi,
957 3319 1081 3383 quando.

139 3390 173 3437 19
188 3386 212 3438 si
227 3393 286 3442 etc:
301 3387 373 3442 Item
384 3388 421 3441 ad
431 3387 557 3441 matricis
571 3385 617 3439 vel
632 3384 757 3439 dolorem
771 3398 833 3437 s1ne
847 3385 971 3440 vulnere.
986 3387 1058 3456 picis
1069 3398 1117 3447 etc.
1127 3409 1152 3462 9.

138 3453 309 3510 intumescat
323 3458 369 3511 vel
384 3458 462 3512 dolet
476 3460 499 3512 b.
586 3455 757 3509 soxsncaz
772 3452 859 3510 XIIII.
869 3474 895 3526 p.
977 3457 1093 3527 adipem
1111 3478 1155 3515 re-

139 3527 249 3578 centem
267 3527 415 3595 porcinum
432 3547 457 3600 9.
