2392 3922
131 213 198 277 454
534 211 739 264 vmuremru

130 378 175 430 ter
184 377 238 442 (fir)
252 371 376 426 inutero
390 387 449 424 ma·
477 367 799 425 umbilicusinmatrice
826 370 939 422 ternum
952 367 1080 424 veniens.
1098 369 1148 423 ha-

129 449 211 500 terno
242 444 361 513 generat
390 459 449 495 um·
477 441 604 496 mulieris
638 442 797 512 generatur.
826 438 904 493 nima
932 441 962 494 et
992 456 1068 494 nunc
1100 439 1149 494 uni

129 515 248 570 bilicum
301 516 331 567 et
379 511 451 566 facit
478 515 508 567 et
534 512 578 567 ita
604 511 635 566 in
662 512 716 566 hoc
739 529 799 565 um·
827 512 893 564 sunt
911 509 958 565 vel
976 510 1149 566 nutriantur.

130 601 226 640 mense
254 584 377 639 secundo
403 599 451 638 ex·
477 582 565 638 bilieo
613 581 798 653 congregatio
826 581 880 636 hac
895 580 1017 636 sinaris
1036 581 1068 636 in
1085 599 1149 652 por-

150 656 275 711 ressione
325 653 450 724 corporis
478 653 625 724 sanguinis
662 656 713 710 est.
755 669 799 708 se·
826 654 888 706 tum
910 655 1064 723 expectans
1083 671 1150 708 ven-

129 676 219 782 iaciat
228 742 338 781 menses
348 725 450 781 tertius
478 725 570 780 cundo
584 741 651 780 vero
660 741 756 780 mense
765 724 799 779 fit
826 726 896 780 tum.
911 722 963 778 alii
973 723 1089 780 filiciter
1100 741 1149 779 na·

130 798 180 867 qui
202 797 325 867 priorem
347 796 451 852 forma-
478 795 799 865 expressiocorporisin-
825 794 1150 864 vigantaliiinfiliciter

129 873 198 924 tum.
217 868 328 924 invenit
341 884 449 937 corpus.
477 866 800 937 traumbilieumipsum
825 865 948 937 periunt.
968 865 1015 921 Sic
1034 869 1065 922 et
1079 883 1150 922 sem·

130 940 234 995 tribuit
252 940 329 995 enim
349 940 450 1008 quarto
478 937 527 1007 qui
546 938 577 992 in
599 937 718 992 matrice
742 937 799 992 for·
825 953 877 1007 per
894 936 1023 992 infancia
1042 940 1094 992 aut
1108 938 1149 992 di-

130 1028 226 1067 mense
254 1010 375 1081 ungulas
404 1026 450 1064 ac·
477 1011 579 1064 matur.
598 1009 685 1064 tertio
701 1025 798 1064 mense
826 1007 938 1063 mititur
966 1009 1071 1063 acerba
1100 1012 1150 1063 aut

130 1082 208 1153 cepit
229 1085 328 1152 peetus
352 1083 382 1136 et
404 1097 450 1135 ca·
477 1079 630 1134 formatum
655 1079 800 1135 invenitur
827 1079 944 1135 arboris.
968 1078 1083 1135 invenit
1100 1079 1149 1149 qui

129 1154 216 1224 pillus
236 1152 332 1227 educit
346 1155 376 1206 et
392 1167 450 1205 mo·
477 1167 571 1220 pecus.
591 1153 621 1207 et
639 1167 687 1205 eor
705 1153 735 1206 et
748 1150 799 1205 tri-
826 1166 891 1205 eam
898 1149 1008 1205 nutriet
1017 1154 1048 1205 et
1057 1154 1149 1206 coste

129 1228 192 1279 tum
210 1224 281 1278 facit
303 1223 450 1277 infantem.
478 1222 581 1276 buetur
622 1224 652 1276 et
694 1222 797 1278 anima.
827 1221 896 1276 diat.
917 1221 942 1275 si
957 1221 1083 1277 demissa
1102 1222 1146 1277 ab.

131 1296 204 1349 adeo
238 1297 332 1348 totum
367 1310 451 1362 quar-
478 1295 580 1361 quarto
588 1309 685 1348 mense
775 1293 798 1346 's
825 1291 989 1347 hominibus
1006 1293 1102 1362 pariet
1120 1295 1149 1347 et

130 1368 161 1419 to
180 1381 276 1419 mense
301 1363 450 1418 nausiatur
478 1363 601 1433 accipiet
623 1365 653 1419 et
678 1363 743 1433 capi
767 1380 798 1418 os
824 1363 894 1433 ipse.
913 1362 1038 1419 hanime.
1059 1363 1084 1418 si
1103 1364 1148 1418 ab.

129 1434 228 1502 quinto
256 1450 352 1488 mense
379 1433 450 1488 facit
478 1433 564 1489 ducit.
585 1437 615 1489 et
633 1437 743 1489 motum
756 1434 798 1488 fa·
825 1433 988 1488 hominibus
1001 1434 1095 1490 nobis.
1106 1434 1147 1488 in·

128 1506 300 1558 caracterem
328 1503 450 1557 similem
477 1504 517 1558 cit
534 1504 566 1558 in
583 1508 672 1560 utero.
698 1505 799 1560 eodem
825 1504 953 1560 lantibus
968 1505 1147 1560 consideren-

128 1574 219 1655 patris
233 1577 284 1628 aut
293 1573 392 1628 matris
402 1574 449 1628 vel
475 1591 572 1656 mense
599 1576 701 1658 mulier
728 1593 798 1631 nau·
825 1578 949 1658 turque
974 1575 1041 1632 sint.
1070 1577 1148 1659 'luna

127 1648 449 1772 egilmate
475 1649 798 1798 alteritate?
824 1649 1007 1800 elzeta
1029 1647 1147 1774 {lull}

128 1805 278 1843 neruorum
303 1787 449 1843 confirma
476 1790 528 1843 tris
561 1791 612 1842 aut
640 1788 741 1843 matris
769 1792 798 1844 et
825 1789 881 1844 cite
909 1788 961 1843 ahi
988 1789 1089 1846 tristis.
1119 1793 1148 1844 et

128 1859 237 1914 tionem
245 1859 364 1929 septimo
372 1876 449 1913 men·
477 1859 651 1914 adulterium
683 1861 797 1914 demon·
824 1859 897 1914 halii
908 1861 1075 1930 gaudentes,
1095 1861 1147 1916 hec

130 1946 159 1984 se
193 1931 349 1986 medullam
384 1947 450 1985 con·
478 1933 557 1985 strat.
589 1932 668 1985 sexto
701 1948 797 1986 mense
825 1930 908 2000 signa
926 1934 992 1986 sunt
1006 1934 1058 1986 aut
1074 1949 1146 1986 mor-

129 2001 227 2057 fortat.
241 2004 448 2057 menseoctavo
478 2001 597 2057 adducit
629 2018 731 2056 nervos
769 2005 798 2057 et
824 2001 862 2056 tis
891 2005 941 2056 aut
969 2001 1055 2057 vitae.
1089 2003 1147 2058 Aut

129 2089 194 2126 ossa
245 2074 316 2127 dura
370 2072 448 2128 facit.
477 2072 583 2127 virtute
627 2072 733 2142 accipit
769 2074 798 2128 et
826 2075 947 2128 creatus.
967 2076 1019 2127 aut
1036 2073 1146 2128 meritis

129 2160 225 2198 mense
252 2160 327 2199 nono
357 2144 449 2198 matu·
477 2143 726 2198 confirmationem.
736 2160 797 2213 sep·
824 2143 1146 2214 generatumbiliscum.

127 2231 191 2267 rum
199 2215 289 2270 movit
302 2215 448 2270 infantem.
476 2214 797 2269 timomensemedullas
825 2218 854 2269 et
872 2214 943 2269 facti
967 2232 1023 2270 sex.
1043 2215 1074 2269 in
1097 2217 1148 2270 ho-

129 2287 158 2338 et
181 2285 221 2339 sic
244 2286 400 2356 perfectum
420 2288 450 2341 et
476 2284 642 2355 implebitur
658 2288 687 2340 et
701 2302 798 2340 conso·
825 2302 871 2340 ces
885 2286 1146 2356 congregacionem.

128 2371 221 2408 rerum
235 2360 354 2412 naturae
364 2358 449 2412 bene·
476 2355 798 2412 lidavitcctavomense
825 2356 1147 2427 sanguinessecundum

128 2425 223 2480 ficium
256 2427 291 2482 de
322 2427 447 2482 tenebris
476 2443 541 2482 ossa
564 2427 624 2482 eius
654 2431 692 2499 εἶ)
715 2427 797 2482 indu·
825 2427 1003 2498 expressione
1011 2429 1146 2498 corporis.

128 2497 165 2548 ad
188 2497 280 2550 lucem
304 2497 382 2552 ducit
405 2498 447 2552 in-
475 2501 588 2553 rescant
600 2499 630 2553 et
656 2498 725 2554 ortis
739 2499 796 2556 fiet.
824 2498 936 2554 tercius.
961 2498 1035 2565 Quia
1057 2499 1145 2570 prius

127 2564 243 2620 fantem.
475 2584 549 2622 nono
579 2586 675 2625 mense
704 2573 797 2625 matu·
824 2569 951 2624 firmatus
992 2570 1145 2625 invenitur.

475 2656 538 2692 rum
556 2639 611 2695 erit
633 2657 728 2712 pecus.
756 2641 797 2696 le·
824 2658 932 2711 corpus.
947 2640 1051 2696 tribuit
1064 2641 1147 2696 hani-

475 2708 553 2763 mina
571 2728 638 2767 vero
652 2712 798 2768 incedam
823 2729 907 2767 mam.
941 2711 1064 2778 Quartus
1095 2731 1147 2766 un-

474 2797 571 2837 mense
590 2783 732 2854 completo
746 2801 796 2840 na·
823 2783 896 2854 guis.
921 2782 1032 2853 accepit
1051 2786 1080 2838 et
1100 2800 1146 2837 ca-

475 2851 571 2908 scitur.
583 2854 692 2909 decimo
700 2871 797 2910 mense
823 2854 911 2924 pillus
936 2853 1007 2909 dicit
1030 2856 1060 2908 et
1084 2872 1146 2908 mu-

494 2939 545 2978 uer
564 2924 599 2979 de
612 2925 739 2980 tenebris
759 2927 797 2980 ad
823 2929 886 2979 tum
903 2925 973 2980 facit
996 2924 1144 2980 infantem.

474 2941 567 3048 iucem
585 2995 669 3051 exiet.
823 2997 895 3050 adeo
914 2995 1013 3065 quinto
1040 3012 1145 3051 mense.

474 3063 633 3134 Explicit
650 3065 795 3136 genecia
824 3066 993 3122 nausiantur
1011 3066 1061 3134 qui
1074 3066 1146 3121 facit

473 3133 794 3191 vindicianiaucto·
822 3137 851 3190 et
884 3140 1065 3192 caracterem.
1099 3137 1146 3191 cui

607 3206 663 3261 ris.
822 3204 929 3261 similet
937 3207 1014 3276 patri
1024 3211 1075 3262 aut
1085 3225 1145 3262 ma-

820 3274 866 3330 tri.
881 3275 928 3331 VI.
946 3277 1064 3333 adducit
1082 3296 1146 3333 ner-

819 3361 919 3400 vorum
950 3347 1145 3406 confirmacie

819 3432 892 3471 nem.
897 3417 956 3470 VH.
972 3418 1076 3472 mensis
1086 3437 1146 3475 me-

821 3485 1145 3545 dullacensoldat.00to

242 3590 326 3659 He)
582 3593 619 3645 11
628 3591 677 3661 (a)
922 3590 1039 3656 nra»
