2392 3922
534 183 700 238 comeus.
1059 181 1123 247 197

86 345 309 429 decoctionem,
333 353 369 409 et
389 347 514 408 easdem
532 365 634 427 myxas
653 347 849 409 comedendas
867 349 1015 426 permitto.
1048 347 1124 408 dabo

86 453 221 517 passum,
245 443 281 497 et
304 437 334 497 si
358 435 453 497 multi
474 436 587 497 luerint
612 435 753 497 lumbrici
776 438 865 496 etiam
887 454 943 515 per
965 435 1124 515 clysterem

86 543 167 587 euro.

175 613 353 675 iuvenibus
376 631 450 674 vero
473 615 658 673 nasturcium
687 632 755 673 cum
782 612 869 673 melle
897 620 1014 674 coctum
1039 613 1122 674 dabo.
1134 617 1176 685 98

88 703 211 764 nsanos
231 703 365 783 expedit
383 704 529 783 accipere,
549 708 578 762 et
596 720 701 762 sucum
720 719 832 762 eorum.
867 700 943 762 dabo
957 703 1005 762 dia
1019 721 1125 762 moron
1151 724 1164 765 s

87 811 143 872 pro
166 791 362 871 ecligmatio.
395 797 427 851 et
444 791 548 851 eadem
569 808 653 851 mora
672 792 857 851 convenient.
894 798 924 851 et
942 793 1038 870 sinapi
1057 810 1125 852 cum

88 880 297 953 oleotritum
321 879 402 941 bene
426 880 526 959 datur,
556 886 587 940 et
612 879 792 958 hydrelaeon
814 879 948 960 tepidum
970 898 1007 940 ex
1030 882 1125 940 veteri

88 969 154 1031 oleo
188 976 418 1050 temperatum,
450 975 481 1030 et
507 986 597 1029 sucus
626 970 760 1048 ptisanae
788 970 820 1029 in
847 986 906 1047 quo
933 968 1125 1047 polypodium

89 1061 181 1138 toqui
207 1057 317 1120 debet
360 1064 391 1118 et
413 1074 508 1118 cornu
525 1059 639 1117 cervini
658 1055 806 1117 combusti
828 1055 927 1137 pulvis
950 1075 1018 1117 cum
1036 1056 1124 1116 melle

89 1148 179 1209 datus
205 1149 360 1208 continuo
384 1144 546 1207 lumbricos
569 1145 704 1206 exclusit.
745 1147 789 1206 sic
806 1151 924 1207 mentae
947 1144 1051 1204 viridis
1072 1144 1164 1209 de-10

89 1239 202 1317 coctio,
231 1238 280 1296 sic
305 1252 424 1315 erucae,
447 1236 490 1295 sic
508 1233 646 1314 caulium,
669 1236 713 1295 sic
731 1253 784 1294 rus
803 1235 911 1313 syriaci
932 1232 1125 1294 etmalorum

89 1333 300 1405 granatorum
322 1325 548 1384 inmaturorum.
590 1322 797 1402 cataplasmata
820 1329 919 1384 autem
943 1322 1068 1382 adhibeo
1088 1340 1125 1381 ex

89 1412 282 1495 pulveribus
306 1414 385 1472 sicut
408 1429 497 1492 supra
515 1411 686 1491 lupinorum
704 1411 847 1498 absinthii
869 1413 1027 1490 pinnarum
1045 1429 1125 1471 com-

89 1502 263 1565 bustarum
297 1499 436 1562 abrotoni
467 1507 498 1560 et
528 1500 691 1561 melanthii.
736 1518 805 1560 nam
837 1507 868 1561 et
894 1500 991 1579 pulvis
1024 1518 1126 1560 earum

90 1595 268 1672 pinnarum
282 1607 362 1650 cum
385 1607 461 1668 aqua
484 1588 577 1649 calida
600 1589 687 1649 datus
711 1591 783 1649 satis
806 1590 894 1648 iuvat.
936 1587 1125 1666 epomlalium
1139 1608 1166 1650 1⁵

90 1699 165 1743 vero
191 1680 248 1741 his
273 1696 311 1738 ex
336 1676 479 1738 subiectis
501 1677 636 1738 adhibeo.
681 1676 722 1737 iel
744 1679 896 1737 taurinum
920 1695 987 1736 cum
1014 1676 1126 1736 melan·

91 1770 169 1850 tbio,
194 1767 385 1829 abrotonum
406 1768 511 1826 tritum
534 1784 602 1826 cum
624 1765 700 1826 lacte
723 1764 876 1845 muliebri,
905 1765 977 1824 ficos
999 1767 1126 1847 pingues

93 1866 146 1921 aut
170 1854 316 1935 dactylos
343 1856 432 1916 tritos
459 1873 527 1915 cum
553 1853 641 1914 melle
665 1854 839 1932 despumato
867 1855 1051 1912 commixtos.
1097 1859 1127 1911 et

93 1947 291 2008 cerotarium
304 1944 337 2004 in
356 1961 415 2022 quo
430 1944 540 2022 cymini
552 1941 650 2023 pulvis
669 1941 715 2002 vel
729 1940 871 2002 absinthii
889 1939 1126 2001 commiscendus

91 2038 162 2104 erit.
213 2034 361 2094 exercitia
383 2049 439 2110 pro
462 2031 549 2092 modo
572 2033 681 2091 virium
704 2030 834 2090 adhibita
857 2029 1029 2108 proderunt.
1067 2025 1124 2085 cibi
1140 2048 1166 2088 ro

171 2211 187 2259 1
214 2205 246 2258 et
266 2203 367 2258 eedem
386 2201 481 2256 sedem
498 2201 589 2256 mines
611 2202 643 2269 V,
662 2203 691 2255 et
709 2201 823 2255 easdem
840 2198 943 2252 mixtas
962 2198 999 2266 Β,
1018 2199 1047 2251 et
1065 2213 1125 2251 eas·

96 2277 163 2332 dem
182 2275 276 2329 nixas
294 2293 318 2343 r,
338 2275 367 2328 et
386 2273 499 2327 eosdem
517 2272 605 2326 micas
625 2275 647 2339 b,
668 2273 698 2326 et
716 2271 834 2326 condem
852 2269 949 2324 enixae
966 2287 992 2339 p.
1051 2267 1125 2322 dabo

95 2365 223 2418 pessum
243 2389 250 2402 .
268 2389 275 2400 .
292 2388 297 2400 .
317 2360 383 2399 curo
403 2345 452 2412 (sio
470 2344 600 2410 Vindob,
623 2342 735 2396 curabis
759 2343 920 2409 Vindociu.)
944 2341 1008 2395 add.
1031 2339 1125 2410 pGar.

95 2438 159 2475 mes
175 2421 204 2485 b,
227 2418 280 2487 qui
296 2418 336 2471 sic
352 2416 433 2470 babet
452 2414 703 2469 ...comedendas
731 2413 769 2466 Et
783 2412 807 2466 si
820 2411 904 2466 multi
916 2410 1022 2465 fuerint
1040 2409 1128 2464 etiem

96 2485 752 2626 sedocus-tu:autor
808 2482 1129 2608 scutetum

99 2633 180 2687 rVB
201 2633 251 2699 (so.
273 2630 416 2697 comesta).
518 2635 532 2681 7
551 2627 677 2681 idrsleon
695 2626 728 2689 V,
746 2624 875 2678 idroleon
894 2625 930 2691 B,
949 2572 1088 2678 idrgleum
1105 2641 1128 2678 r.

99 2709 115 2757 8
129 2700 283 2773 polidium
297 2699 354 2754 VB
363 2697 670 2769 (polipodiumrpGor.
682 2697 782 2764 wel).
848 2700 881 2748 10
892 2694 1012 2749 exclusit
1026 2695 1129 2750 Vaut

101 2774 185 2828 -dit
204 2772 297 2841 erp
310 2770 376 2825 Gor.
428 2776 492 2838 post
506 2771 621 2838 (ments)
639 2767 739 2822 viridis
757 2765 951 2821 decoctionem
969 2767 1062 2821 aliena
1080 2766 1130 2819 od-

101 2847 216 2900 Μίαν
235 2845 303 2912 (per
320 2847 338 2896 9
356 2842 459 2907 vorsus)
477 2842 509 2895 iu
528 2842 555 2909 b,
579 2857 612 2895 ea
630 2847 721 2894 autem
744 2855 813 2908 quoe
834 2839 880 2892 lu'c
902 2843 1052 2906 sequuntur
1070 2834 1130 2888 abi-

102 2919 224 2971 ciuntur
243 2916 340 2983 (usqae
357 2913 396 2967 ad
413 2929 438 2966 o.
453 2913 511 2980 20).
571 2916 603 2964 11
624 2925 724 2964 erucae
742 2909 955 2980 rVB9(Gur.):
974 2907 1054 2958 rutae
1070 2904 1129 2982 Get.

103 2987 177 3042 rosis
195 2985 231 3054 V,
251 2982 325 3038 roris
340 2983 418 3037 V⁰B
429 2983 487 3038 Get.
502 2983 559 3051 (ros
574 2981 715 3051 syriacum
728 2998 753 3052 9,
772 2977 915 3034 rossirieei
929 2978 961 3045 r).
1013 2979 1046 3027 13
1057 2975 1131 3026 sicut

104 3074 193 3129 supro
212 3055 331 3124 rVBp:
346 3071 396 3108 our.
414 3054 472 3109 uel.
527 3052 688 3122 lupinorum
702 3050 796 3104 ferina
811 3048 922 3103 absenti
936 3053 982 3100 etc.
995 3045 1061 3112 Ναί.
1073 3047 1129 3111 97).

102 3129 242 3199 pmarum
267 3126 305 3194 V,
327 3140 484 3194 pennarum
506 3125 571 3194 er
586 3125 630 3191 (ef.
655 3124 728 3177 Meu.
753 3123 832 3175 Plio.
851 3126 871 3185 f.
891 3116 1029 3183 dchos,
1059 3113 1129 3167 Cael.

104 3202 158 3256 dir,
174 3205 206 3267 4,
224 3200 294 3252 126.
315 3198 390 3264 129).
500 3200 533 3247 13
552 3211 649 3248 eorum
666 3193 817 3262 pinnarum
834 3190 930 3260 yGel,
949 3202 1044 3240 eorum
1063 3201 1130 3253 pen·

105 3287 209 3327 numm
228 3287 262 3324 τε
282 3283 382 3321 earum
405 3267 438 3332 V,
456 3282 553 3319 eorum
571 3266 598 3318 B
612 3264 783 3334 (lupinorum
803 3261 891 3328 Gur).
984 3254 1131 3336 158111011-

105 3342 209 3396 ialium
233 3339 269 3407 V,
288 3337 327 3392 Et
344 3335 504 3407 ponfelium
522 3337 562 3404 B,
582 3334 744 3406 oponfelion
761 3352 788 3403 φ
811 3332 841 3384 et
858 3325 1041 3398 epomfahum
1059 3345 1074 3380 r
1093 3327 1134 3393 (et

106 3410 288 3484 omphalium
310 3409 382 3477 coz.)
456 3413 488 3462 16
506 3406 551 3460 his
571 3424 605 3461 ex
622 3407 699 3463 rVB
711 3406 781 3461 Get:
800 3401 854 3472 hee
871 3417 910 3482 p..
965 3402 997 3451 17
1017 3397 1090 3478 ficos·
1099 3396 1131 3463 V,

107 3501 192 3540 —cus
211 3483 282 3552 qu
293 3481 354 3536 Get.
376 3479 436 3546 (ebt
453 3477 568 3547 pinguis
586 3481 621 3546 r).
735 3479 769 3528 19
793 3471 912 3540 quimim
931 3467 968 3550 V,
986 3483 1094 3521 cummi
1108 3484 1131 3520 r.

109 3561 141 3610 20
154 3554 324 3624 frequenter
334 3551 413 3620 (post
426 3548 540 3619 virium)
555 3550 619 3604 add.
631 3548 690 3603 Get.
744 3559 810 3599 vero
824 3547 901 3614 (post
913 3538 981 3610 coba)
995 3540 1061 3596 odd.
1073 3538 1132 3597 Gal.
