2392 3924
136 173 199 238 156
453 170 643 225 THEODORI
660 171 842 225 PRISCIANI

134 357 193 399 una
225 337 378 416 diligentia
409 337 556 398 visitanda
583 343 666 418 sunt,
694 354 797 397 eorum
824 353 904 396 nunc
937 352 1027 396 curas
1056 335 1152 397 deter-

134 426 260 487 minabo.

224 515 346 576 collecta
368 515 460 592 igitur
486 514 620 575 membra
647 521 679 574 et
705 530 812 574 causae
839 515 869 573 vi
895 514 1057 592 repentina
1085 531 1152 573 con-

134 605 278 664 tractione
297 605 442 664 minorata
461 603 599 664 omnibus
618 601 785 663 chalasticis
804 600 960 662 adiutoriis
975 600 1150 662 resolvenda

108 712 121 753 a
136 699 214 772 sunt,
228 691 366 752 mollibus
381 710 523 752 manuum
536 691 743 752 fricationibus
753 696 784 751 et
796 691 957 768 unguentis
972 708 1012 751 ex
1025 689 1152 751 diversis

135 780 272 859 adipibus
286 787 317 841 et
329 780 467 841 medullis
482 799 557 859 quae
571 786 698 859 possunt
710 779 775 839 loca
789 778 995 839 contrahentia
1008 777 1151 839 relaxare.

134 876 203 929 ntor
221 870 360 929 lomentis
379 868 518 929 similiter
535 887 679 947 aquarum
697 866 924 929 chalasticarum
945 885 984 928 ex
1003 869 1149 928 seminum

136 957 309 1018 decoctione
342 964 372 1018 et
407 957 539 1019 althaeae
571 956 732 1017 radicibus,
777 955 877 1017 indico
909 957 1028 1016 interea
1062 955 1151 1016 solam

135 1064 242 1124 aquam
264 1045 389 1107 calidam
412 1064 478 1105 esse
501 1046 668 1126 potandam,
694 1062 765 1106 sane
789 1044 1016 1105 concedendurn
1039 1051 1088 1105 est
1105 1050 1151 1104 aut

97 1153 123 1193 ro
137 1137 264 1213 apiatam
287 1141 338 1195 aut
360 1133 534 1213 hydromeli.
860 1134 863 1141 '
891 1151 894 1158 ·

224 1223 354 1283 resoluta
376 1241 446 1283 vero
470 1221 604 1282 membra
627 1221 764 1282 omnibns
788 1223 922 1300 stypticis
946 1220 1107 1282 adiutoriis
1125 1226 1153 1280 et

135 1311 340 1389 frigidioribus
361 1310 524 1388 colligenda
544 1317 622 1391 sunt,
645 1313 734 1371 siccis
752 1309 969 1391 fricationibus,
991 1310 1152 1389 unguentis

136 1417 254 1477 quoqne
277 1399 483 1459 mordentibus
502 1417 538 1460 ex
557 1399 622 1459 oleo
646 1400 769 1478 cyprino
792 1398 839 1459 vel
861 1397 942 1459 calce
965 1400 1034 1459 viva
1057 1397 1149 1459 eufor-

136 1486 185 1546 bio
210 1494 344 1547 castoreo
368 1487 473 1549 adarce
497 1494 527 1548 et
550 1487 697 1548 similibus
721 1489 830 1548 ceteris
854 1488 1042 1565 temperatis.
1088 1503 1150 1546 nam

97 1591 123 1633 rs
137 1581 168 1634 et
189 1574 269 1653 ligna
291 1577 418 1636 iacentia
441 1575 568 1636 subinde
592 1594 643 1636 eos
665 1576 774 1636 suadeo
798 1574 907 1636 debere
929 1574 1149 1635 transcendere.

137 1681 207 1724 sane
236 1666 262 1723 si
293 1682 346 1742 pes
379 1682 415 1725 ex
438 1665 493 1725 bac
525 1664 706 1725 resolutione
738 1663 880 1725 dimissus
911 1681 1004 1724 nsum
1035 1665 1151 1743 penitus

137 1751 336 1833 denegaverit,
358 1752 529 1813 lamminam
551 1752 666 1832 plumbi
688 1754 772 1831 prius
791 1754 948 1813 unciarum
970 1753 1067 1812 trium
1086 1751 1149 1811 arti·

137 1840 212 1900 culis
232 1840 365 1902 eiusdem
383 1841 469 1922 pedis
488 1840 658 1921 admovebo,
677 1843 709 1901 in
723 1842 812 1901 tertio
831 1841 879 1901 die
898 1841 1005 1901 uncias
1023 1838 1149 1918 singrdas

138 1929 348 2008 superaddens.
398 1930 455 1990 boc
484 1928 589 1990 diebus
616 1929 667 1989 XL
695 1928 831 2009 servabo,
863 1935 897 1989 nt
928 1927 1012 1989 illam
1044 1927 1148 2008 ponde·

97 2035 123 2075 ao
137 2020 282 2078 rationem
306 2037 381 2097 quae
400 2037 436 2078 eo
455 2026 589 2097 ternpore
611 2019 739 2078 creverit
756 2036 814 2078 usu
832 2018 972 2078 noverint
995 2019 1148 2078 sustinere.

209 2265 223 2312 1
242 2258 388 2313 visitanda
405 2260 453 2314 rb:
472 2258 538 2313 -di
552 2259 587 2314 B.
691 2258 751 2311 tet
768 2273 855 2312 causa
872 2256 905 2310 in
920 2257 1074 2327 repentina
1091 2272 1148 2310 con-

136 2328 274 2383 tractione
293 2329 457 2383 dominante
472 2332 532 2399 (sic)
546 2332 570 2384 t.
668 2333 818 2382 tmannm
836 2330 930 2398 (-ni1)
948 2330 1024 2384 er.
1063 2376 1066 2380 .
1118 2326 1147 2392 cs.

137 2400 201 2454 Esc.
216 2417 238 2454 c.
252 2403 292 2454 22
305 2402 346 2469 (p.
362 2403 434 2469 346).
508 2400 661 2470 opossunt
678 2417 701 2468 r,
719 2406 785 2469 po's‘s
800 2401 828 2454 b:
847 2398 942 2453 -sint
958 2400 998 2455 B.
1075 2397 1149 2455 ede·

137 2468 265 2524 coctione
283 2471 402 2526 rbGel.:
425 2471 544 2525 -nibns
567 2471 603 2525 Β.
729 2469 886 2540 potandam
902 2471 939 2526 rb
951 2471 1028 2526 Get:
1057 2469 1149 2525 biber·

138 2539 205 2593 dam
222 2541 257 2594 Β.
354 2547 387 2595 10
406 2542 534 2613 apiatam
551 2543 600 2596 rb:
620 2540 748 2610 apiatam
766 2541 863 2597 Beer.
960 2539 1114 2610 ydromelli
1128 2556 1149 2605 r,

136 2609 323 2680 ydromellum
336 2613 373 2682 B,
392 2613 510 2667 -mclle
525 2615 548 2667 b.
607 2617 640 2664 12
654 2613 689 2679 cf.
706 2613 773 2668 Gor.
785 2615 811 2680 5,
824 2615 863 2668 22
871 2612 931 2681 (ubi
944 2628 980 2667 ea
993 2610 1147 2679 11ωοί22).

138 2686 171 2734 13
200 2681 360 2753 colligenda
388 2686 453 2738 sunt
476 2685 551 2752 (post
572 2682 672 2752 mord.)
693 2700 748 2752 rep.
771 2683 829 2738 cer.
938 2687 972 2736 15
999 2683 1094 2753 lignea
1117 2680 1148 2746 cf·

139 2751 211 2808 Cael.
230 2755 285 2809 clvr.
304 2762 334 2823 2,
353 2759 396 2810 47,
505 2753 609 2807 suadeo
627 2754 663 2808 rb
674 2753 746 2809 Get:
766 2753 891 2807 suadebo
909 2753 946 2808 Β.
1054 2753 1147 2808 debera

138 2830 201 2878 onte
218 2825 312 2894 rGel,
327 2831 392 2896 post
408 2826 512 2878 transc.
531 2825 610 2879 babet
623 2825 659 2893 B,
678 2841 729 2879 om.
749 2826 772 2880 b.
870 2829 905 2878 16
923 2823 1066 2880 dimissus.
1077 2823 1148 2881 aar:

137 2910 187 2949 om.
209 2895 267 2951 eet.
370 2912 453 2948 nsum
471 2898 549 2964 (—us
568 2897 594 2962 r)
612 2895 725 2965 penitus
743 2896 804 2951 rB:
822 2912 905 2948 usum
922 2895 1039 2965 penitus
1058 2895 1147 2951 ambu-

137 2964 217 3019 landi
237 2966 295 3021 Get.
311 2968 432 3036 (gressus
450 2965 564 3035 penitus
583 2968 616 3035 b).
691 2971 724 3019 17
744 2964 928 3036 denegaverit
941 2967 1052 3023 rbGel.
1106 2979 1146 3020 no·

137 3036 248 3107 gaverit
259 3037 317 3092 Gal.
379 3036 544 3090 lamminam
553 3038 593 3093 B:
608 3036 745 3090 laminam
758 3039 795 3092 rt
808 3038 865 3093 Gal.
877 3038 925 3106 (ad
932 3054 991 3092 rem
1003 3037 1075 3094 catu
1085 3039 1103 3093 1.
1112 3036 1146 3103 c).

136 3107 247 3177 plumbi
270 3108 537 3177 ro32p1umoeam
561 3109 619 3164 Gal.
747 3112 781 3161 18
804 3107 932 3162 eiusdem
954 3107 1040 3191 pedis
1056 3106 1146 3164 chlu

137 3178 197 3232 eins
215 3177 284 3248 pedi
302 3180 331 3233 B
349 3179 439 3247 (-dis
459 3180 493 3249 t).
566 3179 596 3233 in
614 3177 699 3233 tertio
718 3177 765 3233 die
783 3180 833 3235 rb:
851 3177 882 3232 in
900 3180 1019 3233 tertrnm
1037 3174 1146 3233 diamB

138 3249 224 3318 (intra
241 3251 261 3304 t.
282 3249 309 3302 d.
329 3250 407 3317 aar).
466 3249 564 3304 uncias
583 3249 710 3320 singulas
723 3250 768 3304 rB
777 3251 848 3306 Gal:
868 3249 999 3321 singulas
1016 3248 1114 3303 uncias
1125 3247 1144 3300 t.

138 3326 171 3374 19
191 3321 382 3390 superaddens
400 3321 517 3377 rbGel.:
541 3320 621 3374 -dis
640 3321 676 3376 Β.
803 3321 923 3376 servabo
945 3322 979 3374 ut
1001 3319 1054 3374 illa
1070 3317 1144 3375 rho:

138 3407 225 3446 serva.
244 3390 297 3445 illa
307 3393 364 3446 Gal.
380 3393 439 3461 (cti
452 3391 503 3445 illa
516 3391 738 3462 ponderatione).
798 3397 833 3445 20
847 3408 880 3446 eo
893 3392 938 3447 rB
948 3392 1020 3446 oeta
1033 3386 1143 3444 tantob

138 3462 256 3516 creverit
273 3463 317 3517 rB
324 3463 397 3519 Get:
417 3464 497 3516 —rat
515 3466 539 3518 b.
620 3480 673 3517 usn
692 3461 818 3517 noverim
837 3465 897 3532 (sie)
914 3463 956 3531 B,
976 3477 1043 3517 usus
1061 3463 1144 3531 (nsum

138 3533 204 3603 Get,
224 3538 276 3587 usu
295 3535 320 3602 r)
338 3532 449 3588 noverit
465 3535 501 3591 rb
513 3535 572 3590 Get.
