<?xml version="1.0" encoding="UTF-8"?>
<!DOCTYPE html PUBLIC "-//W3C//DTD XHTML 1.0 Transitional//EN"
    "http://www.w3.org/TR/xhtml1/DTD/xhtml1-transitional.dtd">
<html xmlns="http://www.w3.org/1999/xhtml" xml:lang="en" lang="en">
 <head>
  <title>
</title>
<meta http-equiv="Content-Type" content="text/html;charset=utf-8" />
  <meta name='ocr-system' content='tesseract 3.04.00' />
  <meta name='ocr-capabilities' content='ocr_page ocr_carea ocr_par ocr_line ocrx_word'/>
</head>
<body>
  <div class='ocr_page' id='page_1' title='image "./euporistonlibri00rosegoog_0075.png"; bbox 0 0 2392 3922; ppageno 0'>
   <div class='ocr_carea' id='block_1_1' title="bbox 84 155 784 221">
    <p class='ocr_par' dir='ltr' id='par_1_1' title="bbox 84 155 784 221">
     <span class='ocr_line' id='line_1_1' title="bbox 84 155 784 221; baseline -0.004 -12"><span class='ocrx_word' id='word_1_1' title='bbox 84 157 129 221; x_wconf 81' lang='lat'><strong>42</strong></span> <span class='ocrx_word' id='word_1_2' title='bbox 396 157 586 208; x_wconf 81' lang='lat' dir='ltr'>THEODORI</span> <span class='ocrx_word' id='word_1_3' title='bbox 604 155 784 208; x_wconf 71' lang='lat' dir='ltr'><strong>Perseum</strong></span> 
     </span>
    </p>
   </div>
   <div class='ocr_carea' id='block_1_2' title="bbox 66 290 1123 489">
    <p class='ocr_par' dir='ltr' id='par_1_2' title="bbox 66 290 1123 489">
     <span class='ocr_line' id='line_1_2' title="bbox 66 290 1123 398; baseline -0.005 -14"><span class='ocrx_word' id='word_1_4' title='bbox 66 324 170 384; x_wconf 85' lang='lat' dir='ltr'><strong>davit.</strong></span> <span class='ocrx_word' id='word_1_5' title='bbox 209 325 296 383; x_wconf 87' lang='lat' dir='ltr'><strong>etiam</strong></span> <span class='ocrx_word' id='word_1_6' title='bbox 316 329 346 382; x_wconf 92' lang='lat' dir='ltr'><strong>et</strong></span> <span class='ocrx_word' id='word_1_7' title='bbox 366 323 412 381; x_wconf 92' lang='lat' dir='ltr'><strong>sui</strong></span> <span class='ocrx_word' id='word_1_8' title='bbox 434 321 556 381; x_wconf 86' lang='lat' dir='ltr'><strong>femoris</strong></span> <span class='ocrx_word' id='word_1_9' title='bbox 580 322 755 398; x_wconf 88' lang='lat' dir='ltr'><strong>sanguinem</strong></span> <span class='ocrx_word' id='word_1_10' title='bbox 777 319 962 380; x_wconf 81' lang='lat' dir='ltr'><strong>infundendo</strong></span> <span class='ocrx_word' id='word_1_11' title='bbox 982 318 1036 379; x_wconf 87' lang='lat' dir='ltr'><strong>lilii</strong></span> <span class='ocrx_word' id='word_1_12' title='bbox 1056 290 1123 381; x_wconf 32' lang='lat' dir='ltr'><strong>sui*</strong></span> 
     </span>
     <span class='ocr_line' id='line_1_3' title="bbox 84 409 556 489; baseline -0.008 -16"><span class='ocrx_word' id='word_1_13' title='bbox 84 411 164 473; x_wconf 88' lang='lat' dir='ltr'><strong>albas</strong></span> <span class='ocrx_word' id='word_1_14' title='bbox 187 410 317 471; x_wconf 89' lang='lat' dir='ltr'><strong>maculas</strong></span> <span class='ocrx_word' id='word_1_15' title='bbox 340 409 556 489; x_wconf 80' lang='lat' dir='ltr'><strong>permundavit.</strong></span> 
     </span>
    </p>
   </div>
   <div class='ocr_carea' id='block_1_3' title="bbox 57 514 1147 843">
    <p class='ocr_par' dir='ltr' id='par_1_3' title="bbox 57 514 1147 843">
     <span class='ocr_line' id='line_1_4' title="bbox 173 514 1147 596; baseline -0.006 -19"><span class='ocrx_word' id='word_1_16' title='bbox 173 516 292 596; x_wconf 85' lang='lat' dir='ltr'><strong>glaucos</strong></span> <span class='ocrx_word' id='word_1_17' title='bbox 315 534 385 576; x_wconf 85' lang='lat' dir='ltr'><strong>vero</strong></span> <span class='ocrx_word' id='word_1_18' title='bbox 409 515 510 576; x_wconf 92' lang='lat' dir='ltr'><strong>oculos</strong></span> <span class='ocrx_word' id='word_1_19' title='bbox 534 517 560 575; x_wconf 91' lang='lat' dir='ltr'><strong>si</strong></span> <span class='ocrx_word' id='word_1_20' title='bbox 584 514 742 594; x_wconf 81' lang='lat' dir='ltr'><strong>denigrare</strong></span> <span class='ocrx_word' id='word_1_21' title='bbox 761 514 901 595; x_wconf 85' lang='lat' dir='ltr'><strong>volueris,</strong></span> <span class='ocrx_word' id='word_1_22' title='bbox 924 514 981 574; x_wconf 90' lang='lat' dir='ltr'><strong>hoc</strong></span> <span class='ocrx_word' id='word_1_23' title='bbox 1000 514 1103 575; x_wconf 86' lang='lat' dir='ltr'><strong>facies.</strong></span> <span class='ocrx_word' id='word_1_24' title='bbox 1130 533 1147 571; x_wconf 75' lang='grc' dir='ltr'><strong>-ι</strong></span> 
     </span>
     <span class='ocr_line' id='line_1_5' title="bbox 84 596 1143 685; baseline -0.002 -20"><span class='ocrx_word' id='word_1_25' title='bbox 84 605 227 684; x_wconf 89' lang='lat' dir='ltr'><strong>gallarum</strong></span> <span class='ocrx_word' id='word_1_26' title='bbox 249 604 404 685; x_wconf 90' lang='lat' dir='ltr'><strong>pulverem</strong></span> <span class='ocrx_word' id='word_1_27' title='bbox 426 606 637 665; x_wconf 91' lang='lat' dir='ltr'><strong>tenuissimum</strong></span> <span class='ocrx_word' id='word_1_28' title='bbox 736 621 806 664; x_wconf 91' lang='lat' dir='ltr'><strong>cum</strong></span> <span class='ocrx_word' id='word_1_29' title='bbox 829 621 904 682; x_wconf 88' lang='lat' dir='ltr'><strong>aqua</strong></span> <span class='ocrx_word' id='word_1_30' title='bbox 928 601 1005 663; x_wconf 89' lang='lat' dir='ltr'><strong>bene</strong></span> <span class='ocrx_word' id='word_1_31' title='bbox 1029 605 1101 664; x_wconf 86' lang='lat' dir='ltr'><strong>trito</strong></span> <span class='ocrx_word' id='word_1_32' title='bbox 1138 596 1143 645; x_wconf 79' lang='lat'><strong>³·</strong></span> 
     </span>
     <span class='ocr_line' id='line_1_6' title="bbox 57 690 1102 773; baseline -0.002 -19"><span class='ocrx_word' id='word_1_33' title='bbox 57 706 70 748; x_wconf 74' lang='lat'><strong>⁵</strong></span> <span class='ocrx_word' id='word_1_34' title='bbox 85 694 223 755; x_wconf 88' lang='lat' dir='ltr'><strong>similiter</strong></span> <span class='ocrx_word' id='word_1_35' title='bbox 241 696 344 755; x_wconf 89' lang='lat' dir='ltr'><strong>uteris.</strong></span> <span class='ocrx_word' id='word_1_36' title='bbox 380 701 410 754; x_wconf 91' lang='lat' dir='ltr'><strong>ct</strong></span> <span class='ocrx_word' id='word_1_37' title='bbox 428 692 540 773; x_wconf 90' lang='lat' dir='ltr'><strong>leporis</strong></span> <span class='ocrx_word' id='word_1_38' title='bbox 559 692 599 752; x_wconf 88' lang='lat' dir='ltr'><strong>lel</strong></span> <span class='ocrx_word' id='word_1_39' title='bbox 617 693 744 752; x_wconf 82' lang='lat' dir='ltr'><strong>mixtum</strong></span> <span class='ocrx_word' id='word_1_40' title='bbox 762 691 845 752; x_wconf 91' lang='lat' dir='ltr'><strong>melli</strong></span> <span class='ocrx_word' id='word_1_41' title='bbox 864 690 984 770; x_wconf 89' lang='lat' dir='ltr'><strong>glaucos</strong></span> <span class='ocrx_word' id='word_1_42' title='bbox 999 690 1102 752; x_wconf 87' lang='lat' dir='ltr'><strong>oculos</strong></span> 
     </span>
     <span class='ocr_line' id='line_1_7' title="bbox 83 785 422 843; baseline 0.003 -1"><span class='ocrx_word' id='word_1_43' title='bbox 83 790 202 843; x_wconf 89' lang='lat' dir='ltr'><strong>revocat</strong></span> <span class='ocrx_word' id='word_1_44' title='bbox 224 785 257 843; x_wconf 92' lang='lat' dir='ltr'><strong>in</strong></span> <span class='ocrx_word' id='word_1_45' title='bbox 279 789 422 843; x_wconf 90' lang='lat' dir='ltr'><strong>naturam.</strong></span> 
     </span>
    </p>
   </div>
   <div class='ocr_carea' id='block_1_4' title="bbox 44 878 1104 1216">
    <p class='ocr_par' dir='ltr' id='par_1_4' title="bbox 173 878 1103 968">
     <span class='ocr_line' id='line_1_8' title="bbox 173 878 1103 968; baseline -0.001 -20"><span class='ocrx_word' id='word_1_46' title='bbox 173 891 200 948; x_wconf 92' lang='lat' dir='ltr'><strong>si</strong></span> <span class='ocrx_word' id='word_1_47' title='bbox 222 887 358 949; x_wconf 92' lang='lat' dir='ltr'><strong>hordeoli</strong></span> <span class='ocrx_word' id='word_1_48' title='bbox 380 891 412 949; x_wconf 93' lang='lat' dir='ltr'><strong>in</strong></span> <span class='ocrx_word' id='word_1_49' title='bbox 434 887 584 968; x_wconf 80' lang='lat' dir='ltr'>palpebris</span> <span class='ocrx_word' id='word_1_50' title='bbox 608 894 778 967; x_wconf 87' lang='lat' dir='ltr'><strong>nascentur,</strong></span> <span class='ocrx_word' id='word_1_51' title='bbox 801 885 908 946; x_wconf 86' lang='lat' dir='ltr'><strong>hordei</strong></span> <span class='ocrx_word' id='word_1_52' title='bbox 927 878 1103 947; x_wconf 75' lang='lat' dir='ltr'><strong>decoctione</strong></span> 
     </span>
    </p>

    <p class='ocr_par' dir='ltr' id='par_1_5' title="bbox 85 973 1104 1054">
     <span class='ocr_line' id='line_1_9' title="bbox 85 973 1104 1054; baseline -0.002 -17"><span class='ocrx_word' id='word_1_53' title='bbox 85 976 179 1038; x_wconf 88' lang='lat' dir='ltr'><strong>calida</strong></span> <span class='ocrx_word' id='word_1_54' title='bbox 211 976 313 1038; x_wconf 92' lang='lat' dir='ltr'><strong>oculos</strong></span> <span class='ocrx_word' id='word_1_55' title='bbox 345 975 523 1038; x_wconf 85' lang='lat' dir='ltr'><strong>lomentahis</strong></span> <span class='ocrx_word' id='word_1_56' title='bbox 556 983 586 1036; x_wconf 91' lang='lat' dir='ltr'><strong>et</strong></span> <span class='ocrx_word' id='word_1_57' title='bbox 616 982 685 1054; x_wconf 91' lang='lat' dir='ltr'><strong>post</strong></span> <span class='ocrx_word' id='word_1_58' title='bbox 717 993 786 1035; x_wconf 92' lang='lat' dir='ltr'><strong>cera</strong></span> <span class='ocrx_word' id='word_1_59' title='bbox 816 973 975 1053; x_wconf 82' lang='lat' dir='ltr'><strong>liquefacta</strong></span> <span class='ocrx_word' id='word_1_60' title='bbox 1003 973 1104 1036; x_wconf 90' lang='lat' dir='ltr'><strong>locum</strong></span> 
     </span>
    </p>

    <p class='ocr_par' dir='ltr' id='par_1_6' title="bbox 44 1062 1103 1216">
     <span class='ocr_line' id='line_1_10' title="bbox 83 1062 1103 1145; baseline -0.002 -19"><span class='ocrx_word' id='word_1_61' title='bbox 83 1074 197 1145; x_wconf 84' lang='lat' dir='ltr'><strong>tanges.</strong></span> <span class='ocrx_word' id='word_1_62' title='bbox 244 1074 274 1127; x_wconf 91' lang='lat' dir='ltr'><strong>et</strong></span> <span class='ocrx_word' id='word_1_63' title='bbox 302 1069 328 1127; x_wconf 94' lang='lat' dir='ltr'><strong>si</strong></span> <span class='ocrx_word' id='word_1_64' title='bbox 355 1083 526 1126; x_wconf 88' lang='lat' dir='ltr'><strong>muscarum</strong></span> <span class='ocrx_word' id='word_1_65' title='bbox 553 1063 701 1143; x_wconf 82' lang='lat' dir='ltr'><strong>capitibus</strong></span> <span class='ocrx_word' id='word_1_66' title='bbox 728 1062 827 1123; x_wconf 91' lang='lat' dir='ltr'><strong>locum</strong></span> <span class='ocrx_word' id='word_1_67' title='bbox 854 1063 1017 1144; x_wconf 85' lang='lat' dir='ltr'><strong>confrices,</strong></span> <span class='ocrx_word' id='word_1_68' title='bbox 1047 1062 1103 1124; x_wconf 88' lang='lat' dir='ltr'><strong>hoc</strong></span> 
     </span>
     <span class='ocr_line' id='line_1_11' title="bbox 44 1155 284 1216; baseline -0.008 -1"><span class='ocrx_word' id='word_1_69' title='bbox 44 1167 71 1208; x_wconf 88' lang='lat'><strong>1⁰</strong></span> <span class='ocrx_word' id='word_1_70' title='bbox 85 1155 166 1216; x_wconf 91' lang='lat' dir='ltr'><strong>idem</strong></span> <span class='ocrx_word' id='word_1_71' title='bbox 188 1155 284 1216; x_wconf 81' lang='lat' dir='ltr'><strong>faciet.</strong></span> 
     </span>
    </p>
   </div>
   <div class='ocr_carea' id='block_1_5' title="bbox 174 1255 1104 1339">
    <p class='ocr_par' dir='ltr' id='par_1_7' title="bbox 174 1255 1104 1339">
     <span class='ocr_line' id='line_1_12' title="bbox 174 1255 1104 1339; baseline -0.003 -18"><span class='ocrx_word' id='word_1_72' title='bbox 174 1261 209 1321; x_wconf 94' lang='lat' dir='ltr'><strong>ad</strong></span> <span class='ocrx_word' id='word_1_73' title='bbox 235 1260 377 1320; x_wconf 88' lang='lat' dir='ltr'><strong>leucoma.</strong></span> <span class='ocrx_word' id='word_1_74' title='bbox 403 1261 519 1338; x_wconf 80' lang='lat' dir='ltr'><strong>eryngii</strong></span> <span class='ocrx_word' id='word_1_75' title='bbox 541 1261 677 1338; x_wconf 89' lang='lat' dir='ltr'><strong>campani</strong></span> <span class='ocrx_word' id='word_1_76' title='bbox 699 1255 759 1319; x_wconf 76' lang='lat' dir='ltr'><strong>unc</strong></span> <span class='ocrx_word' id='word_1_77' title='bbox 781 1257 843 1339; x_wconf 89' lang='lat' dir='ltr'><strong>llll,</strong></span> <span class='ocrx_word' id='word_1_78' title='bbox 867 1264 967 1337; x_wconf 88' lang='lat' dir='ltr'><strong>guttae</strong></span> <span class='ocrx_word' id='word_1_79' title='bbox 992 1275 1104 1318; x_wconf 91' lang='lat' dir='ltr'><strong>ammo-</strong></span> 
     </span>
    </p>
   </div>
   <div class='ocr_carea' id='block_1_6' title="bbox 85 1345 1104 1515">
    <p class='ocr_par' dir='ltr' id='par_1_8' title="bbox 85 1345 1104 1515">
     <span class='ocr_line' id='line_1_13' title="bbox 85 1345 1104 1427; baseline -0.003 -18"><span class='ocrx_word' id='word_1_80' title='bbox 85 1351 164 1409; x_wconf 90' lang='lat' dir='ltr'><strong>niaci</strong></span> <span class='ocrx_word' id='word_1_81' title='bbox 187 1347 246 1409; x_wconf 75' lang='lat' dir='ltr'><strong>unc</strong></span> <span class='ocrx_word' id='word_1_82' title='bbox 268 1347 307 1427; x_wconf 78' lang='grc' dir='ltr'><strong>Π,</strong></span> <span class='ocrx_word' id='word_1_83' title='bbox 331 1365 480 1408; x_wconf 90' lang='lat' dir='ltr'><strong>commeos</strong></span> <span class='ocrx_word' id='word_1_84' title='bbox 503 1346 562 1408; x_wconf 72' lang='lat' dir='ltr'><strong>unc</strong></span> <span class='ocrx_word' id='word_1_85' title='bbox 580 1347 600 1407; x_wconf 93' lang='lat' dir='ltr'><strong>l.</strong></span> <span class='ocrx_word' id='word_1_86' title='bbox 643 1366 711 1408; x_wconf 92' lang='lat' dir='ltr'><strong>cum</strong></span> <span class='ocrx_word' id='word_1_87' title='bbox 730 1365 806 1426; x_wconf 85' lang='lat' dir='ltr'><strong>aqua</strong></span> <span class='ocrx_word' id='word_1_88' title='bbox 824 1345 947 1426; x_wconf 87' lang='lat' dir='ltr'><strong>pluviali</strong></span> <span class='ocrx_word' id='word_1_89' title='bbox 964 1354 1104 1408; x_wconf 88' lang='lat' dir='ltr'><strong>conteres</strong></span> 
     </span>
     <span class='ocr_line' id='line_1_14' title="bbox 85 1435 414 1515; baseline -0.006 -18"><span class='ocrx_word' id='word_1_90' title='bbox 85 1443 115 1497; x_wconf 88' lang='lat' dir='ltr'><strong>et</strong></span> <span class='ocrx_word' id='word_1_91' title='bbox 138 1435 293 1515; x_wconf 85' lang='lat' dir='ltr'><strong>collyrium</strong></span> <span class='ocrx_word' id='word_1_92' title='bbox 315 1436 414 1496; x_wconf 86' lang='lat' dir='ltr'><strong>facies.</strong></span> 
     </span>
    </p>
   </div>
   <div class='ocr_carea' id='block_1_7' title="bbox 30 1537 1105 1708">
    <p class='ocr_par' dir='ltr' id='par_1_9' title="bbox 30 1537 1105 1708">
     <span class='ocr_line' id='line_1_15' title="bbox 30 1537 1105 1621; baseline -0.002 -19"><span class='ocrx_word' id='word_1_93' title='bbox 30 1537 73 1602; x_wconf 88' lang='grc'><strong>41</strong></span> <span class='ocrx_word' id='word_1_94' title='bbox 174 1541 295 1619; x_wconf 84' lang='lat' dir='ltr'><strong>capillos</strong></span> <span class='ocrx_word' id='word_1_95' title='bbox 323 1560 393 1601; x_wconf 88' lang='lat' dir='ltr'><strong>vero</strong></span> <span class='ocrx_word' id='word_1_96' title='bbox 421 1543 587 1602; x_wconf 88' lang='lat' dir='ltr'><strong>contrarios</strong></span> <span class='ocrx_word' id='word_1_97' title='bbox 616 1544 660 1602; x_wconf 92' lang='lat' dir='ltr'><strong>sic</strong></span> <span class='ocrx_word' id='word_1_98' title='bbox 687 1543 770 1602; x_wconf 92' lang='lat' dir='ltr'><strong>nasci</strong></span> <span class='ocrx_word' id='word_1_99' title='bbox 798 1559 859 1601; x_wconf 93' lang='lat' dir='ltr'><strong>non</strong></span> <span class='ocrx_word' id='word_1_100' title='bbox 881 1543 1054 1621; x_wconf 86' lang='lat' dir='ltr'><strong>permittes,</strong></span> <span class='ocrx_word' id='word_1_101' title='bbox 1078 1543 1105 1600; x_wconf 94' lang='lat' dir='ltr'><strong>si</strong></span> 
     </span>
     <span class='ocr_line' id='line_1_16' title="bbox 46 1628 1104 1708; baseline 0.004 -24"><span class='ocrx_word' id='word_1_102' title='bbox 46 1644 71 1684; x_wconf 81' lang='lat' dir='ltr'><strong>ro</strong></span> <span class='ocrx_word' id='word_1_103' title='bbox 85 1632 111 1690; x_wconf 91' lang='lat' dir='ltr'><strong>is</strong></span> <span class='ocrx_word' id='word_1_104' title='bbox 135 1628 244 1691; x_wconf 86' lang='lat' dir='ltr'><strong>evulsis</strong></span> <span class='ocrx_word' id='word_1_105' title='bbox 268 1628 332 1690; x_wconf 94' lang='lat' dir='ltr'><strong>loca</strong></span> <span class='ocrx_word' id='word_1_106' title='bbox 355 1633 498 1708; x_wconf 89' lang='lat' dir='ltr'><strong>sanguine</strong></span> <span class='ocrx_word' id='word_1_107' title='bbox 518 1631 633 1690; x_wconf 91' lang='lat' dir='ltr'><strong>cimicis</strong></span> <span class='ocrx_word' id='word_1_108' title='bbox 651 1637 763 1708; x_wconf 87' lang='lat' dir='ltr'><strong>tangas.</strong></span> <span class='ocrx_word' id='word_1_109' title='bbox 806 1637 836 1690; x_wconf 91' lang='lat' dir='ltr'><strong>et</strong></span> <span class='ocrx_word' id='word_1_110' title='bbox 855 1632 1104 1708; x_wconf 83' lang='lat' dir='ltr'><strong>sanguisugarum</strong></span> 
     </span>
    </p>
   </div>
   <div class='ocr_carea' id='block_1_8' title="bbox 85 1886 1106 3588">
    <p class='ocr_par' dir='ltr' id='par_1_10' title="bbox 85 1886 1106 2174">
     <span class='ocr_line' id='line_1_17' title="bbox 85 1886 1105 1960; baseline -0.002 -18"><span class='ocrx_word' id='word_1_111' title='bbox 85 1888 172 1943; x_wconf 88' lang='lat' dir='ltr'><strong>muris</strong></span> <span class='ocrx_word' id='word_1_112' title='bbox 187 1888 324 1959; x_wconf 85' lang='lat' dir='ltr'><strong>sanguine</strong></span> <span class='ocrx_word' id='word_1_113' title='bbox 337 1887 499 1960; x_wconf 84' lang='lat' dir='ltr'><strong>inungendo</strong></span> <span class='ocrx_word' id='word_1_114' title='bbox 514 1887 613 1943; x_wconf 83' lang='lat' dir='ltr'><strong>ielisve</strong></span> <span class='ocrx_word' id='word_1_115' title='bbox 628 1889 710 1943; x_wconf 81' lang='lat' dir='ltr'><strong>albas</strong></span> <span class='ocrx_word' id='word_1_116' title='bbox 723 1887 851 1943; x_wconf 82' lang='lat' dir='ltr'><strong>maculas</strong></span> <span class='ocrx_word' id='word_1_117' title='bbox 865 1886 1066 1958; x_wconf 82' lang='lat' dir='ltr'><strong>permundavit</strong></span> <span class='ocrx_word' id='word_1_118' title='bbox 1075 1890 1105 1957; x_wconf 77' lang='lat' dir='ltr'><strong>(t)</strong></span> 
     </span>
     <span class='ocr_line' id='line_1_18' title="bbox 89 1958 1104 2030; baseline -0.004 -14"><span class='ocrx_word' id='word_1_119' title='bbox 89 1960 156 2030; x_wconf 75' lang='lat' dir='ltr'><strong>eet,</strong></span> <span class='ocrx_word' id='word_1_120' title='bbox 174 1962 223 2016; x_wconf 77' lang='lat' dir='ltr'><strong>ubi</strong></span> <span class='ocrx_word' id='word_1_121' title='bbox 236 1961 276 2016; x_wconf 77' lang='lat' dir='ltr'><strong>sic</strong></span> <span class='ocrx_word' id='word_1_122' title='bbox 289 1962 352 2016; x_wconf 84' lang='lat' dir='ltr'><strong>rB:</strong></span> <span class='ocrx_word' id='word_1_123' title='bbox 372 1962 400 2015; x_wconf 79' lang='lat' dir='ltr'><strong>et</strong></span> <span class='ocrx_word' id='word_1_124' title='bbox 414 1975 449 2014; x_wconf 87' lang='lat' dir='ltr'><strong>ex</strong></span> <span class='ocrx_word' id='word_1_125' title='bbox 463 1959 508 2015; x_wconf 88' lang='lat' dir='ltr'><strong>sui</strong></span> <span class='ocrx_word' id='word_1_126' title='bbox 522 1962 561 2029; x_wconf 83' lang='lat' dir='ltr'><strong>(et</strong></span> <span class='ocrx_word' id='word_1_127' title='bbox 580 1958 624 2014; x_wconf 87' lang='lat' dir='ltr'><strong>sni</strong></span> <span class='ocrx_word' id='word_1_128' title='bbox 637 1963 662 2029; x_wconf 83' lang='lat' dir='ltr'><strong>r)</strong></span> <span class='ocrx_word' id='word_1_129' title='bbox 677 1959 790 2014; x_wconf 84' lang='lat' dir='ltr'><strong>femoris</strong></span> <span class='ocrx_word' id='word_1_130' title='bbox 811 1958 949 2030; x_wconf 83' lang='lat' dir='ltr'><strong>sanguine</strong></span> <span class='ocrx_word' id='word_1_131' title='bbox 958 1961 1070 2028; x_wconf 89' lang='lat' dir='ltr'><strong>(—nem</strong></span> <span class='ocrx_word' id='word_1_132' title='bbox 1079 1961 1104 2028; x_wconf 86' lang='lat' dir='ltr'><strong>r)</strong></span> 
     </span>
     <span class='ocr_line' id='line_1_19' title="bbox 85 2029 1106 2102; baseline -0.001 -18"><span class='ocrx_word' id='word_1_133' title='bbox 85 2031 261 2086; x_wconf 87' lang='lat' dir='ltr'><strong>infundendo</strong></span> <span class='ocrx_word' id='word_1_134' title='bbox 278 2030 332 2086; x_wconf 86' lang='lat' dir='ltr'><strong>filii</strong></span> <span class='ocrx_word' id='word_1_135' title='bbox 350 2030 405 2101; x_wconf 89' lang='lat' dir='ltr'><strong>(sni</strong></span> <span class='ocrx_word' id='word_1_136' title='bbox 424 2033 487 2087; x_wconf 82' lang='lat' dir='ltr'><strong>add.</strong></span> <span class='ocrx_word' id='word_1_137' title='bbox 507 2034 532 2102; x_wconf 81' lang='lat' dir='ltr'><strong>r)</strong></span> <span class='ocrx_word' id='word_1_138' title='bbox 552 2030 632 2085; x_wconf 83' lang='lat' dir='ltr'><strong>albas</strong></span> <span class='ocrx_word' id='word_1_139' title='bbox 650 2031 777 2085; x_wconf 79' lang='lat' dir='ltr'><strong>maculas</strong></span> <span class='ocrx_word' id='word_1_140' title='bbox 795 2029 1002 2100; x_wconf 79' lang='lat' dir='ltr'><strong>permundavit.</strong></span> <span class='ocrx_word' id='word_1_141' title='bbox 1035 2046 1106 2099; x_wconf 75' lang='lat' dir='ltr'><strong>puae</strong></span> 
     </span>
     <span class='ocr_line' id='line_1_20' title="bbox 87 2105 591 2174; baseline 0.002 -17"><span class='ocrx_word' id='word_1_142' title='bbox 87 2120 136 2158; x_wconf 85' lang='lat' dir='ltr'><strong>om.</strong></span> <span class='ocrx_word' id='word_1_143' title='bbox 158 2106 181 2172; x_wconf 85' lang='lat' dir='ltr'><strong>b,</strong></span> <span class='ocrx_word' id='word_1_144' title='bbox 200 2105 247 2158; x_wconf 80' lang='lat' dir='ltr'><strong>scd</strong></span> <span class='ocrx_word' id='word_1_145' title='bbox 265 2109 361 2158; x_wconf 76' lang='lat' dir='ltr'><strong>extent</strong></span> <span class='ocrx_word' id='word_1_146' title='bbox 378 2105 410 2158; x_wconf 78' lang='lat' dir='ltr'><strong>in</strong></span> <span class='ocrx_word' id='word_1_147' title='bbox 426 2121 466 2174; x_wconf 84' lang='lat' dir='ltr'><strong>pr.</strong></span> <span class='ocrx_word' id='word_1_148' title='bbox 483 2121 512 2173; x_wconf 80' lang='lat' dir='ltr'><strong>p.</strong></span> <span class='ocrx_word' id='word_1_149' title='bbox 528 2107 591 2158; x_wconf 82' lang='lat'><strong><em>412.</em></strong></span> 
     </span>
    </p>

    <p class='ocr_par' dir='ltr' id='par_1_11' title="bbox 85 2168 1106 2667">
     <span class='ocr_line' id='line_1_21' title="bbox 159 2168 1106 2244; baseline -0.002 -18"><span class='ocrx_word' id='word_1_150' title='bbox 159 2179 174 2226; x_wconf 91' lang='lat'><strong>3</strong></span> <span class='ocrx_word' id='word_1_151' title='bbox 194 2173 301 2244; x_wconf 88' lang='lat' dir='ltr'><strong>denigr.</strong></span> <span class='ocrx_word' id='word_1_152' title='bbox 321 2173 346 2227; x_wconf 89' lang='lat' dir='ltr'><strong>si</strong></span> <span class='ocrx_word' id='word_1_153' title='bbox 363 2193 389 2229; x_wconf 78' lang='lat' dir='ltr'><strong>v,</strong></span> <span class='ocrx_word' id='word_1_154' title='bbox 412 2175 469 2229; x_wconf 71' lang='grc' dir='ltr'><strong>θεῖ.</strong></span> <span class='ocrx_word' id='word_1_155' title='bbox 528 2174 582 2228; x_wconf 92' lang='lat' dir='ltr'><strong>hoc</strong></span> <span class='ocrx_word' id='word_1_156' title='bbox 601 2175 662 2229; x_wconf 81' lang='lat' dir='ltr'><strong>Br:</strong></span> <span class='ocrx_word' id='word_1_157' title='bbox 683 2171 722 2225; x_wconf 92' lang='lat' dir='ltr'><strong>sic</strong></span> <span class='ocrx_word' id='word_1_158' title='bbox 743 2172 803 2228; x_wconf 77' lang='lat' dir='ltr'><strong>Gal.</strong></span> <span class='ocrx_word' id='word_1_159' title='bbox 877 2177 894 2224; x_wconf 86' lang='lat'>4</span> <span class='ocrx_word' id='word_1_160' title='bbox 912 2189 939 2240; x_wconf 83' lang='lat' dir='ltr'><strong>g.</strong></span> <span class='ocrx_word' id='word_1_161' title='bbox 958 2168 1106 2240; x_wconf 81' lang='lat' dir='ltr'><strong>pulverem</strong></span> 
     </span>
     <span class='ocr_line' id='line_1_22' title="bbox 86 2240 1106 2314; baseline 0 -18"><span class='ocrx_word' id='word_1_162' title='bbox 86 2243 251 2297; x_wconf 82' lang='lat' dir='ltr'><strong>tenuissime</strong></span> <span class='ocrx_word' id='word_1_163' title='bbox 268 2244 366 2297; x_wconf 81' lang='lat' dir='ltr'><strong>iritum</strong></span> <span class='ocrx_word' id='word_1_164' title='bbox 387 2261 450 2297; x_wconf 91' lang='lat' dir='ltr'><strong>cum</strong></span> <span class='ocrx_word' id='word_1_165' title='bbox 469 2261 544 2312; x_wconf 80' lang='lat' dir='ltr'><strong>aqna</strong></span> <span class='ocrx_word' id='word_1_166' title='bbox 558 2244 645 2298; x_wconf 76' lang='lat' dir='ltr'><strong>uteris</strong></span> <span class='ocrx_word' id='word_1_167' title='bbox 660 2245 684 2313; x_wconf 85' lang='lat' dir='ltr'><strong>b,</strong></span> <span class='ocrx_word' id='word_1_168' title='bbox 702 2262 729 2314; x_wconf 87' lang='lat' dir='ltr'><strong>g.</strong></span> <span class='ocrx_word' id='word_1_169' title='bbox 744 2241 889 2313; x_wconf 84' lang='lat' dir='ltr'><strong>pulverem</strong></span> <span class='ocrx_word' id='word_1_170' title='bbox 906 2240 1106 2296; x_wconf 79' lang='lat' dir='ltr'><strong>tenuissimum</strong></span> 
     </span>
     <span class='ocr_line' id='line_1_23' title="bbox 86 2310 1104 2384; baseline 0.001 -19"><span class='ocrx_word' id='word_1_171' title='bbox 86 2329 150 2366; x_wconf 89' lang='lat' dir='ltr'><strong>cum</strong></span> <span class='ocrx_word' id='word_1_172' title='bbox 168 2329 243 2381; x_wconf 84' lang='lat' dir='ltr'><strong>aqua</strong></span> <span class='ocrx_word' id='word_1_173' title='bbox 265 2314 336 2368; x_wconf 90' lang='lat' dir='ltr'><strong>bene</strong></span> <span class='ocrx_word' id='word_1_174' title='bbox 361 2314 460 2368; x_wconf 78' lang='lat' dir='ltr'><strong>tritum</strong></span> <span class='ocrx_word' id='word_1_175' title='bbox 483 2313 615 2368; x_wconf 80' lang='lat' dir='ltr'><strong>similiter</strong></span> <span class='ocrx_word' id='word_1_176' title='bbox 638 2314 738 2368; x_wconf 79' lang='lat' dir='ltr'><strong>atteris</strong></span> <span class='ocrx_word' id='word_1_177' title='bbox 757 2313 855 2384; x_wconf 74' lang='lat' dir='ltr'><strong>(uteris</strong></span> <span class='ocrx_word' id='word_1_178' title='bbox 874 2316 900 2382; x_wconf 83' lang='lat' dir='ltr'><strong>r)</strong></span> <span class='ocrx_word' id='word_1_179' title='bbox 919 2314 975 2381; x_wconf 83' lang='lat' dir='ltr'><strong>rB,</strong></span> <span class='ocrx_word' id='word_1_180' title='bbox 994 2330 1021 2382; x_wconf 86' lang='lat' dir='ltr'><strong>g.</strong></span> <span class='ocrx_word' id='word_1_181' title='bbox 1041 2310 1104 2384; x_wconf 86' lang='lat' dir='ltr'><strong>pul-</strong></span> 
     </span>
     <span class='ocr_line' id='line_1_24' title="bbox 85 2382 1105 2454; baseline 0.001 -18"><span class='ocrx_word' id='word_1_182' title='bbox 85 2399 150 2436; x_wconf 85' lang='lat' dir='ltr'><strong>vere</strong></span> <span class='ocrx_word' id='word_1_183' title='bbox 168 2385 261 2452; x_wconf 83' lang='lat' dir='ltr'><strong>tinges</strong></span> <span class='ocrx_word' id='word_1_184' title='bbox 281 2384 365 2437; x_wconf 90' lang='lat' dir='ltr'><strong>simul</strong></span> <span class='ocrx_word' id='word_1_185' title='bbox 384 2401 448 2437; x_wconf 89' lang='lat' dir='ltr'><strong>cum</strong></span> <span class='ocrx_word' id='word_1_186' title='bbox 466 2401 541 2453; x_wconf 83' lang='lat' dir='ltr'><strong>eque</strong></span> <span class='ocrx_word' id='word_1_187' title='bbox 559 2384 629 2438; x_wconf 89' lang='lat' dir='ltr'><strong>bene</strong></span> <span class='ocrx_word' id='word_1_188' title='bbox 649 2384 717 2438; x_wconf 84' lang='lat' dir='ltr'><strong>trito</strong></span> <span class='ocrx_word' id='word_1_189' title='bbox 736 2383 867 2438; x_wconf 83' lang='lat' dir='ltr'><strong>similiter</strong></span> <span class='ocrx_word' id='word_1_190' title='bbox 885 2382 972 2438; x_wconf 75' lang='lat' dir='ltr'><strong>uteris</strong></span> <span class='ocrx_word' id='word_1_191' title='bbox 991 2385 1073 2454; x_wconf 81' lang='lat' dir='ltr'><strong>(corr.</strong></span> <span class='ocrx_word' id='word_1_192' title='bbox 1080 2385 1105 2452; x_wconf 71' lang='lat' dir='ltr'><strong>i)</strong></span> 
     </span>
     <span class='ocr_line' id='line_1_25' title="bbox 88 2452 1104 2524; baseline 0.001 -17"><span class='ocrx_word' id='word_1_193' title='bbox 88 2452 146 2508; x_wconf 73' lang='lat' dir='ltr'><strong>eet.</strong></span> <span class='ocrx_word' id='word_1_194' title='bbox 273 2459 289 2507; x_wconf 81' lang='lat'>5</span> <span class='ocrx_word' id='word_1_195' title='bbox 307 2453 428 2507; x_wconf 83' lang='lat' dir='ltr'><strong>mixtum</strong></span> <span class='ocrx_word' id='word_1_196' title='bbox 445 2453 523 2508; x_wconf 90' lang='lat' dir='ltr'><strong>melli</strong></span> <span class='ocrx_word' id='word_1_197' title='bbox 541 2455 589 2508; x_wconf 80' lang='lat' dir='ltr'><strong>rB</strong></span> <span class='ocrx_word' id='word_1_198' title='bbox 607 2453 697 2523; x_wconf 87' lang='lat' dir='ltr'><strong>(melli</strong></span> <span class='ocrx_word' id='word_1_199' title='bbox 716 2455 899 2509; x_wconf 80' lang='lat' dir='ltr'><strong>commixtum</strong></span> <span class='ocrx_word' id='word_1_200' title='bbox 917 2456 951 2522; x_wconf 84' lang='lat' dir='ltr'><strong>b).</strong></span> <span class='ocrx_word' id='word_1_201' title='bbox 971 2461 1104 2524; x_wconf 72' lang='lat' dir='ltr'><strong>compto</strong></span> 
     </span>
     <span class='ocr_line' id='line_1_26' title="bbox 86 2523 1104 2595; baseline 0.001 -17"><span class='ocrx_word' id='word_1_202' title='bbox 86 2525 150 2578; x_wconf 75' lang='lat' dir='ltr'><strong>tace</strong></span> <span class='ocrx_word' id='word_1_203' title='bbox 167 2524 274 2590; x_wconf 74' lang='lat' dir='ltr'><strong>frustra</strong></span> <span class='ocrx_word' id='word_1_204' title='bbox 292 2527 410 2580; x_wconf 73' lang='lat' dir='ltr'><strong>mutavit</strong></span> <span class='ocrx_word' id='word_1_205' title='bbox 426 2526 484 2580; x_wconf 73' lang='grc' dir='ltr'><strong>θεῖ.</strong></span> <span class='ocrx_word' id='word_1_206' title='bbox 499 2523 641 2595; x_wconf 77' lang='lat' dir='ltr'><strong>(similiter</strong></span> <span class='ocrx_word' id='word_1_207' title='bbox 654 2525 743 2580; x_wconf 79' lang='lat' dir='ltr'><strong>uteris</strong></span> <span class='ocrx_word' id='word_1_208' title='bbox 762 2527 792 2581; x_wconf 78' lang='lat' dir='ltr'><strong>et</strong></span> <span class='ocrx_word' id='word_1_209' title='bbox 809 2524 828 2581; x_wconf 93' lang='lat' dir='ltr'><strong>l.</strong></span> <span class='ocrx_word' id='word_1_210' title='bbox 842 2525 917 2581; x_wconf 87' lang='lat' dir='ltr'><strong>felle.</strong></span> <span class='ocrx_word' id='word_1_211' title='bbox 937 2541 1001 2578; x_wconf 91' lang='lat' dir='ltr'><strong>cum</strong></span> <span class='ocrx_word' id='word_1_212' title='bbox 1018 2524 1104 2579; x_wconf 88' lang='lat' dir='ltr'><strong>melle</strong></span> 
     </span>
     <span class='ocr_line' id='line_1_27' title="bbox 85 2593 1069 2667; baseline 0.005 -21"><span class='ocrx_word' id='word_1_213' title='bbox 85 2593 124 2664; x_wconf 86' lang='lat' dir='ltr'><strong>gl.</strong></span> <span class='ocrx_word' id='word_1_214' title='bbox 144 2609 169 2648; x_wconf 90' lang='lat' dir='ltr'><strong>o.</strong></span> <span class='ocrx_word' id='word_1_215' title='bbox 187 2595 255 2662; x_wconf 77' lang='lat' dir='ltr'><strong>etc),</strong></span> <span class='ocrx_word' id='word_1_216' title='bbox 274 2611 321 2664; x_wconf 78' lang='lat' dir='ltr'><strong>epo</strong></span> <span class='ocrx_word' id='word_1_217' title='bbox 341 2597 469 2650; x_wconf 76' lang='lat' dir='ltr'><strong>lacunam</strong></span> <span class='ocrx_word' id='word_1_218' title='bbox 486 2597 574 2650; x_wconf 78' lang='lat' dir='ltr'><strong>statui</strong></span> <span class='ocrx_word' id='word_1_219' title='bbox 586 2597 632 2664; x_wconf 74' lang='lat' dir='ltr'><strong>(cs.</strong></span> <span class='ocrx_word' id='word_1_220' title='bbox 646 2614 688 2667; x_wconf 78' lang='lat' dir='ltr'><strong>pr.</strong></span> <span class='ocrx_word' id='word_1_221' title='bbox 703 2615 733 2667; x_wconf 84' lang='lat' dir='ltr'><strong>p.</strong></span> <span class='ocrx_word' id='word_1_222' title='bbox 750 2603 813 2654; x_wconf 80' lang='lat'><strong><em>412.</em></strong></span> <span class='ocrx_word' id='word_1_223' title='bbox 833 2598 895 2652; x_wconf 78' lang='lat' dir='ltr'><strong>Gal.</strong></span> <span class='ocrx_word' id='word_1_224' title='bbox 907 2597 978 2664; x_wconf 87' lang='lat' dir='ltr'><em>XII,</em></span> <span class='ocrx_word' id='word_1_225' title='bbox 994 2598 1069 2666; x_wconf 75' lang='lat'>740).</span> 
     </span>
    </p>

    <p class='ocr_par' dir='ltr' id='par_1_12' title="bbox 88 2665 1106 3440">
     <span class='ocr_line' id='line_1_28' title="bbox 88 2665 1105 2738; baseline 0.005 -23"><span class='ocrx_word' id='word_1_226' title='bbox 88 2669 103 2715; x_wconf 85' lang='grc'><strong>6</strong></span> <span class='ocrx_word' id='word_1_227' title='bbox 122 2665 238 2718; x_wconf 84' lang='lat' dir='ltr'><strong>revocat</strong></span> <span class='ocrx_word' id='word_1_228' title='bbox 257 2666 357 2720; x_wconf 62' lang='lat' dir='ltr'><strong>odet:</strong></span> <span class='ocrx_word' id='word_1_229' title='bbox 375 2668 494 2720; x_wconf 81' lang='lat' dir='ltr'><strong>renovet</strong></span> <span class='ocrx_word' id='word_1_230' title='bbox 512 2666 567 2722; x_wconf 79' lang='lat' dir='ltr'><strong>rB.</strong></span> <span class='ocrx_word' id='word_1_231' title='bbox 700 2675 714 2723; x_wconf 76' lang='lat'><strong>7</strong></span> <span class='ocrx_word' id='word_1_232' title='bbox 734 2667 874 2724; x_wconf 89' lang='lat' dir='ltr'><strong>hordeoli:</strong></span> <span class='ocrx_word' id='word_1_233' title='bbox 893 2669 928 2735; x_wconf 82' lang='lat' dir='ltr'><strong>cf.</strong></span> <span class='ocrx_word' id='word_1_234' title='bbox 947 2684 988 2738; x_wconf 78' lang='lat' dir='ltr'><strong>pr.</strong></span> <span class='ocrx_word' id='word_1_235' title='bbox 1004 2685 1034 2736; x_wconf 82' lang='lat' dir='ltr'><strong>p.</strong></span> <span class='ocrx_word' id='word_1_236' title='bbox 1050 2669 1105 2721; x_wconf 81' lang='lat'><strong>350</strong></span> 
     </span>
     <span class='ocr_line' id='line_1_29' title="bbox 88 2732 1104 2815; baseline 0.005 -28"><span class='ocrx_word' id='word_1_237' title='bbox 88 2732 214 2815; x_wconf 63' lang='lat' dir='ltr'><strong>(sponde)</strong></span> <span class='ocrx_word' id='word_1_238' title='bbox 294 2738 447 2790; x_wconf 81' lang='lat' dir='ltr'><strong>nascentur</strong></span> <span class='ocrx_word' id='word_1_239' title='bbox 465 2738 537 2793; x_wconf 60' lang='lat' dir='ltr'><strong>ceta</strong></span> <span class='ocrx_word' id='word_1_240' title='bbox 558 2740 694 2793; x_wconf 80' lang='lat' dir='ltr'><strong>-cuntur</strong></span> <span class='ocrx_word' id='word_1_241' title='bbox 711 2740 788 2797; x_wconf 77' lang='lat' dir='ltr'><strong>Bor.</strong></span> <span class='ocrx_word' id='word_1_242' title='bbox 875 2745 891 2792; x_wconf 84' lang='grc'>9</span> <span class='ocrx_word' id='word_1_243' title='bbox 909 2740 1011 2808; x_wconf 82' lang='lat' dir='ltr'><strong>tanges</strong></span> <span class='ocrx_word' id='word_1_244' title='bbox 1031 2738 1104 2793; x_wconf 70' lang='lat' dir='ltr'><strong>en:</strong></span> 
     </span>
     <span class='ocr_line' id='line_1_30' title="bbox 90 2807 1106 2877; baseline 0.003 -19"><span class='ocrx_word' id='word_1_245' title='bbox 90 2823 168 2875; x_wconf 87' lang='lat' dir='ltr'><strong>-grs</strong></span> <span class='ocrx_word' id='word_1_246' title='bbox 186 2807 262 2861; x_wconf 82' lang='lat' dir='ltr'><strong>Bbr.</strong></span> <span class='ocrx_word' id='word_1_247' title='bbox 354 2807 488 2862; x_wconf 79' lang='lat' dir='ltr'><strong>confr-icas</strong></span> <span class='ocrx_word' id='word_1_248' title='bbox 509 2809 576 2877; x_wconf 67' lang='lat' dir='ltr'><strong>cer„</strong></span> <span class='ocrx_word' id='word_1_249' title='bbox 595 2809 673 2864; x_wconf 92' lang='lat' dir='ltr'><strong>—ois</strong></span> <span class='ocrx_word' id='word_1_250' title='bbox 690 2829 719 2867; x_wconf 81' lang='lat' dir='ltr'><strong>r:</strong></span> <span class='ocrx_word' id='word_1_251' title='bbox 738 2829 821 2866; x_wconf 83' lang='lat' dir='ltr'><strong>-ces</strong></span> <span class='ocrx_word' id='word_1_252' title='bbox 840 2811 876 2866; x_wconf 91' lang='lat' dir='ltr'><strong>B.</strong></span> <span class='ocrx_word' id='word_1_253' title='bbox 981 2814 1015 2862; x_wconf 91' lang='lat'><strong>10</strong></span> <span class='ocrx_word' id='word_1_254' title='bbox 1033 2807 1106 2862; x_wconf 78' lang='lat' dir='ltr'><strong>fecit</strong></span> 
     </span>
     <span class='ocr_line' id='line_1_31' title="bbox 88 2876 1105 2951; baseline 0.002 -21"><span class='ocrx_word' id='word_1_255' title='bbox 88 2876 145 2946; x_wconf 75' lang='lat' dir='ltr'><strong>(iac</strong></span> <span class='ocrx_word' id='word_1_256' title='bbox 160 2879 186 2947; x_wconf 80' lang='lat' dir='ltr'><strong>b)</strong></span> <span class='ocrx_word' id='word_1_257' title='bbox 205 2878 267 2933; x_wconf 84' lang='lat' dir='ltr'><strong>Bb:</strong></span> <span class='ocrx_word' id='word_1_258' title='bbox 286 2876 373 2932; x_wconf 80' lang='lat' dir='ltr'><strong>facies</strong></span> <span class='ocrx_word' id='word_1_259' title='bbox 392 2880 476 2935; x_wconf 81' lang='lat' dir='ltr'><strong>rGel.</strong></span> <span class='ocrx_word' id='word_1_260' title='bbox 623 2887 655 2934; x_wconf 92' lang='lat'><strong>11</strong></span> <span class='ocrx_word' id='word_1_261' title='bbox 674 2882 905 2951; x_wconf 77' lang='lat' dir='ltr'><strong>praetermissum</strong></span> <span class='ocrx_word' id='word_1_262' title='bbox 922 2880 1017 2935; x_wconf 75' lang='lat' dir='ltr'><strong>fuerat</strong></span> <span class='ocrx_word' id='word_1_263' title='bbox 1035 2878 1105 2933; x_wconf 84' lang='lat' dir='ltr'><strong>item</strong></span> 
     </span>
     <span class='ocr_line' id='line_1_32' title="bbox 88 2947 1106 3076; baseline 0.003 -74"><span class='ocrx_word' id='word_1_264' title='bbox 88 2947 174 3004; x_wconf 89' lang='lat' dir='ltr'><strong>aliud.</strong></span> <span class='ocrx_word' id='word_1_265' title='bbox 204 2948 351 3019; x_wconf 78' lang='lat' dir='ltr'><strong>erungium</strong></span> <span class='ocrx_word' id='word_1_266' title='bbox 369 2965 392 3004; x_wconf 90' lang='lat' dir='ltr'><strong>c.</strong></span> <span class='ocrx_word' id='word_1_267' title='bbox 412 2952 452 3005; x_wconf 79' lang='lat' dir='ltr'><strong>aio</strong></span> <span class='ocrx_word' id='word_1_268' title='bbox 469 2950 555 3018; x_wconf 79' lang='lat' dir='ltr'><strong>infert</strong></span> <span class='ocrx_word' id='word_1_269' title='bbox 571 2952 628 3007; x_wconf 69' lang='lat' dir='ltr'><strong>(iel.</strong></span> <span class='ocrx_word' id='word_1_270' title='bbox 648 2971 672 3008; x_wconf 87' lang='lat' dir='ltr'><strong>o.</strong></span> <span class='ocrx_word' id='word_1_271' title='bbox 691 2957 795 3006; x_wconf 81' lang='lat'><strong><em>11-13</em></strong></span> <span class='ocrx_word' id='word_1_272' title='bbox 806 2955 887 3022; x_wconf 76' lang='lat' dir='ltr'><strong>(quae</strong></span> <span class='ocrx_word' id='word_1_273' title='bbox 905 2969 955 3007; x_wconf 84' lang='lat' dir='ltr'><strong>om.</strong></span> <span class='ocrx_word' id='word_1_274' title='bbox 975 2952 1029 3076; x_wconf 49' lang='lat' dir='ltr'><strong>Bp)</strong></span> <span class='ocrx_word' id='word_1_275' title='bbox 1040 2956 1106 3005; x_wconf 76' lang='lat' dir='ltr'><strong>eunt</strong></span> 
     </span>
     <span class='ocr_line' id='line_1_33' title="bbox 88 3021 1106 3091; baseline 0 -17"><span class='ocrx_word' id='word_1_276' title='bbox 88 3038 121 3074; x_wconf 85' lang='lat' dir='ltr'><strong>ea</strong></span> <span class='ocrx_word' id='word_1_277' title='bbox 140 3021 209 3089; x_wconf 79' lang='grc' dir='ltr'>πρὸς</span> <span class='ocrx_word' id='word_1_278' title='bbox 227 3021 403 3091; x_wconf 64' lang='lat' dir='ltr'><strong>tantopore,</strong></span> <span class='ocrx_word' id='word_1_279' title='bbox 426 3023 470 3076; x_wconf 78' lang='lat' dir='ltr'><strong>uti</strong></span> <span class='ocrx_word' id='word_1_280' title='bbox 489 3029 554 3091; x_wconf 81' lang='lat' dir='ltr'><strong>post</strong></span> <span class='ocrx_word' id='word_1_281' title='bbox 571 3041 594 3078; x_wconf 86' lang='lat' dir='ltr'><strong>o.</strong></span> <span class='ocrx_word' id='word_1_282' title='bbox 612 3028 647 3076; x_wconf 87' lang='lat'><strong>10</strong></span> <span class='ocrx_word' id='word_1_283' title='bbox 666 3021 733 3091; x_wconf 61' lang='lat' dir='ltr'><strong>(fei)</strong></span> <span class='ocrx_word' id='word_1_284' title='bbox 751 3023 897 3090; x_wconf 76' lang='lat' dir='ltr'><strong>subiunpit</strong></span> <span class='ocrx_word' id='word_1_285' title='bbox 915 3025 930 3076; x_wconf 84' lang='lat' dir='ltr'><strong><em>b</em></strong></span> <span class='ocrx_word' id='word_1_286' title='bbox 950 3022 995 3091; x_wconf 91' lang='lat' dir='ltr'><strong>(A)</strong></span> <span class='ocrx_word' id='word_1_287' title='bbox 1047 3021 1106 3076; x_wconf 85' lang='lat' dir='ltr'><strong>Leu</strong></span> 
     </span>
     <span class='ocr_line' id='line_1_34' title="bbox 89 3090 1106 3164; baseline 0.003 -20"><span class='ocrx_word' id='word_1_288' title='bbox 89 3093 209 3147; x_wconf 81' lang='lat' dir='ltr'><strong>comata.</strong></span> <span class='ocrx_word' id='word_1_289' title='bbox 246 3091 368 3163; x_wconf 80' lang='lat' dir='ltr'><strong>Eragine</strong></span> <span class='ocrx_word' id='word_1_290' title='bbox 392 3108 562 3162; x_wconf 85' lang='lat' dir='ltr'><strong>campanum</strong></span> <span class='ocrx_word' id='word_1_291' title='bbox 643 3095 707 3148; x_wconf 77' lang='lat' dir='ltr'><strong>item</strong></span> <span class='ocrx_word' id='word_1_292' title='bbox 723 3109 752 3146; x_wconf 79' lang='lat' dir='ltr'><strong>r:</strong></span> <span class='ocrx_word' id='word_1_293' title='bbox 776 3090 820 3144; x_wconf 92' lang='lat' dir='ltr'><strong>Ad</strong></span> <span class='ocrx_word' id='word_1_294' title='bbox 838 3090 967 3146; x_wconf 83' lang='lat' dir='ltr'><strong>leucoma</strong></span> <span class='ocrx_word' id='word_1_295' title='bbox 990 3091 1106 3164; x_wconf 79' lang='lat' dir='ltr'><strong>erugine</strong></span> 
     </span>
     <span class='ocr_line' id='line_1_35' title="bbox 88 3163 1106 3233; baseline 0.006 -20"><span class='ocrx_word' id='word_1_296' title='bbox 88 3177 257 3231; x_wconf 83' lang='lat' dir='ltr'><strong>campanum</strong></span> <span class='ocrx_word' id='word_1_297' title='bbox 271 3206 277 3218; x_wconf 88' lang='lat'><strong>.</strong></span> <span class='ocrx_word' id='word_1_298' title='bbox 290 3207 312 3218; x_wconf 90' lang='lat'><strong>..</strong></span> <span class='ocrx_word' id='word_1_299' title='bbox 379 3169 411 3217; x_wconf 75' lang='lat'><strong>12</strong></span> <span class='ocrx_word' id='word_1_300' title='bbox 426 3166 495 3233; x_wconf 84' lang='lat' dir='ltr'><strong>(etc.)</strong></span> <span class='ocrx_word' id='word_1_301' title='bbox 514 3180 576 3219; x_wconf 91' lang='lat' dir='ltr'><strong>unc.</strong></span> <span class='ocrx_word' id='word_1_302' title='bbox 593 3165 664 3218; x_wconf 77' lang='lat' dir='ltr'><strong>cet:</strong></span> <span class='ocrx_word' id='word_1_303' title='bbox 683 3173 719 3223; x_wconf 76' lang='lat'><strong>—2-</strong></span> <span class='ocrx_word' id='word_1_304' title='bbox 732 3163 756 3216; x_wconf 83' lang='lat' dir='ltr'><strong>b.</strong></span> <span class='ocrx_word' id='word_1_305' title='bbox 771 3166 807 3228; x_wconf 44' lang='grc' dir='ltr'>ᾧ</span> <span class='ocrx_word' id='word_1_306' title='bbox 824 3180 847 3216; x_wconf 82' lang='lat' dir='ltr'><strong>r.</strong></span> <span class='ocrx_word' id='word_1_307' title='bbox 900 3164 1013 3231; x_wconf 81' lang='lat' dir='ltr'><strong>guttam</strong></span> <span class='ocrx_word' id='word_1_308' title='bbox 1033 3165 1106 3219; x_wconf 60' lang='lat' dir='ltr'><strong>Gela</strong></span> 
     </span>
     <span class='ocr_line' id='line_1_36' title="bbox 88 3230 1106 3303; baseline 0.003 -19"><span class='ocrx_word' id='word_1_309' title='bbox 88 3230 163 3285; x_wconf 77' lang='lat' dir='ltr'><strong>Guta</strong></span> <span class='ocrx_word' id='word_1_310' title='bbox 178 3234 202 3301; x_wconf 77' lang='lat' dir='ltr'><strong>l),</strong></span> <span class='ocrx_word' id='word_1_311' title='bbox 221 3251 271 3289; x_wconf 87' lang='lat' dir='ltr'><strong>om.</strong></span> <span class='ocrx_word' id='word_1_312' title='bbox 288 3254 304 3289; x_wconf 82' lang='lat' dir='ltr'><strong>r</strong></span> <span class='ocrx_word' id='word_1_313' title='bbox 321 3236 381 3303; x_wconf 82' lang='lat' dir='ltr'><strong>(nbi</strong></span> <span class='ocrx_word' id='word_1_314' title='bbox 398 3236 485 3290; x_wconf 77' lang='lat' dir='ltr'><strong>solum</strong></span> <span class='ocrx_word' id='word_1_315' title='bbox 500 3232 688 3303; x_wconf 79' lang='lat' dir='ltr'><strong>ammoniaci).</strong></span> <span class='ocrx_word' id='word_1_316' title='bbox 724 3231 832 3302; x_wconf 88' lang='lat' dir='ltr'><strong>gummi</strong></span> <span class='ocrx_word' id='word_1_317' title='bbox 845 3233 939 3288; x_wconf 66' lang='lat' dir='ltr'><strong>rdet:</strong></span> <span class='ocrx_word' id='word_1_318' title='bbox 960 3233 1066 3288; x_wconf 72' lang='lat' dir='ltr'><strong>Gumis</strong></span> <span class='ocrx_word' id='word_1_319' title='bbox 1081 3236 1106 3289; x_wconf 84' lang='lat' dir='ltr'><strong>b.</strong></span> 
     </span>
     <span class='ocr_line' id='line_1_37' title="bbox 88 3302 1106 3384; baseline 0.006 -31"><span class='ocrx_word' id='word_1_320' title='bbox 88 3303 215 3357; x_wconf 84' lang='lat' dir='ltr'><strong>conteres</strong></span> <span class='ocrx_word' id='word_1_321' title='bbox 241 3307 270 3359; x_wconf 82' lang='lat' dir='ltr'><strong>et</strong></span> <span class='ocrx_word' id='word_1_322' title='bbox 297 3305 408 3360; x_wconf 83' lang='lat' dir='ltr'><strong>collirie</strong></span> <span class='ocrx_word' id='word_1_323' title='bbox 435 3305 522 3359; x_wconf 80' lang='lat' dir='ltr'><strong>facies</strong></span> <span class='ocrx_word' id='word_1_324' title='bbox 551 3307 613 3375; x_wconf 73' lang='lat' dir='ltr'><strong>(lnce</strong></span> <span class='ocrx_word' id='word_1_325' title='bbox 638 3320 722 3373; x_wconf 72' lang='lat' dir='ltr'><strong>nsque</strong></span> <span class='ocrx_word' id='word_1_326' title='bbox 744 3303 770 3384; x_wconf 82' lang='lat' dir='ltr'><strong>r)</strong></span> <span class='ocrx_word' id='word_1_327' title='bbox 794 3302 937 3357; x_wconf 70' lang='lat' dir='ltr'><strong>etaloris</strong></span> <span class='ocrx_word' id='word_1_328' title='bbox 961 3306 1009 3360; x_wconf 83' lang='lat' dir='ltr'><strong>rb:</strong></span> <span class='ocrx_word' id='word_1_329' title='bbox 1036 3305 1106 3359; x_wconf 78' lang='lat' dir='ltr'><strong>trita</strong></span> 
     </span>
     <span class='ocr_line' id='line_1_38' title="bbox 88 3371 1001 3440; baseline 0.008 -18"><span class='ocrx_word' id='word_1_330' title='bbox 88 3372 253 3440; x_wconf 83' lang='lat' dir='ltr'><strong>supradicta</strong></span> <span class='ocrx_word' id='word_1_331' title='bbox 271 3377 464 3431; x_wconf 87' lang='lat' dir='ltr'><strong>commiscebis</strong></span> <span class='ocrx_word' id='word_1_332' title='bbox 484 3378 513 3431; x_wconf 80' lang='lat' dir='ltr'><strong>et</strong></span> <span class='ocrx_word' id='word_1_333' title='bbox 531 3377 604 3430; x_wconf 79' lang='lat' dir='ltr'><strong>teres</strong></span> <span class='ocrx_word' id='word_1_334' title='bbox 623 3377 656 3428; x_wconf 81' lang='lat' dir='ltr'><strong>ut</strong></span> <span class='ocrx_word' id='word_1_335' title='bbox 673 3371 814 3428; x_wconf 85' lang='lat' dir='ltr'><strong>collinum</strong></span> <span class='ocrx_word' id='word_1_336' title='bbox 832 3372 921 3426; x_wconf 83' lang='lat' dir='ltr'><strong>facies</strong></span> <span class='ocrx_word' id='word_1_337' title='bbox 943 3376 1001 3431; x_wconf 81' lang='lat' dir='ltr'><strong>Gcl.</strong></span> 
     </span>
    </p>

    <p class='ocr_par' dir='ltr' id='par_1_13' title="bbox 87 3442 1106 3588">
     <span class='ocr_line' id='line_1_39' title="bbox 88 3442 1106 3517; baseline 0.005 -24"><span class='ocrx_word' id='word_1_338' title='bbox 88 3446 122 3494; x_wconf 83' lang='lat'><strong>14</strong></span> <span class='ocrx_word' id='word_1_339' title='bbox 140 3442 220 3495; x_wconf 85' lang='lat' dir='ltr'><strong>nasci</strong></span> <span class='ocrx_word' id='word_1_340' title='bbox 242 3462 300 3501; x_wconf 87' lang='lat' dir='ltr'><strong>non</strong></span> <span class='ocrx_word' id='word_1_341' title='bbox 317 3447 463 3517; x_wconf 78' lang='lat' dir='ltr'><strong>permittes</strong></span> <span class='ocrx_word' id='word_1_342' title='bbox 481 3447 568 3502; x_wconf 79' lang='lat' dir='ltr'><strong>rGel.</strong></span> <span class='ocrx_word' id='word_1_343' title='bbox 587 3442 678 3515; x_wconf 85' lang='lat' dir='ltr'><strong>(nasci</strong></span> <span class='ocrx_word' id='word_1_344' title='bbox 700 3459 758 3498; x_wconf 91' lang='lat' dir='ltr'><strong>non</strong></span> <span class='ocrx_word' id='word_1_345' title='bbox 779 3442 868 3497; x_wconf 76' lang='lat' dir='ltr'><strong>facies</strong></span> <span class='ocrx_word' id='word_1_346' title='bbox 884 3445 923 3512; x_wconf 85' lang='lat' dir='ltr'><strong>b):</strong></span> <span class='ocrx_word' id='word_1_347' title='bbox 946 3461 1003 3498; x_wconf 90' lang='lat' dir='ltr'><strong>non</strong></span> <span class='ocrx_word' id='word_1_348' title='bbox 1024 3445 1106 3501; x_wconf 79' lang='lat' dir='ltr'><strong>nasci</strong></span> 
     </span>
     <span class='ocr_line' id='line_1_40' title="bbox 87 3511 1068 3588; baseline 0.006 -23"><span class='ocrx_word' id='word_1_349' title='bbox 87 3511 235 3581; x_wconf 81' lang='lat' dir='ltr'><strong>permittas</strong></span> <span class='ocrx_word' id='word_1_350' title='bbox 254 3516 290 3570; x_wconf 88' lang='lat' dir='ltr'><strong>B.</strong></span> <span class='ocrx_word' id='word_1_351' title='bbox 314 3549 346 3556; x_wconf 96' lang='lat'>-</span> <span class='ocrx_word' id='word_1_352' title='bbox 364 3520 400 3584; x_wconf 76' lang='lat' dir='ltr'><strong>cf.</strong></span> <span class='ocrx_word' id='word_1_353' title='bbox 418 3535 507 3588; x_wconf 76' lang='lat' dir='ltr'><strong>praec.</strong></span> <span class='ocrx_word' id='word_1_354' title='bbox 522 3533 552 3586; x_wconf 82' lang='lat' dir='ltr'><strong>p.</strong></span> <span class='ocrx_word' id='word_1_355' title='bbox 567 3518 629 3571; x_wconf 75' lang='lat'><strong><em>349.</em></strong></span> <span class='ocrx_word' id='word_1_356' title='bbox 711 3513 736 3566; x_wconf 92' lang='lat' dir='ltr'><strong>si</strong></span> <span class='ocrx_word' id='word_1_357' title='bbox 754 3512 798 3567; x_wconf 89' lang='lat' dir='ltr'><strong>his</strong></span> <span class='ocrx_word' id='word_1_358' title='bbox 816 3515 865 3568; x_wconf 83' lang='lat' dir='ltr'><strong>rB</strong></span> <span class='ocrx_word' id='word_1_359' title='bbox 880 3514 953 3570; x_wconf 76' lang='lat' dir='ltr'><strong>Gel:</strong></span> <span class='ocrx_word' id='word_1_360' title='bbox 972 3514 1022 3569; x_wconf 90' lang='lat' dir='ltr'><strong>ubi</strong></span> <span class='ocrx_word' id='word_1_361' title='bbox 1041 3517 1068 3571; x_wconf 91' lang='lat' dir='ltr'><strong>b.</strong></span> 
     </span>
    </p>
   </div>
   <div class='ocr_carea' id='block_1_9' title="bbox 0 0 1204 3922">
    <p class='ocr_par' dir='ltr' id='par_1_14' title="bbox 0 0 1204 3922">
     <span class='ocr_line' id='line_1_41' title="bbox 0 0 1204 3922; baseline 0 0"><span class='ocrx_word' id='word_1_362' title='bbox 0 0 1204 3922; x_wconf 95' lang='lat' dir='ltr'><strong> </strong></span> 
     </span>
    </p>
   </div>
  </div>
 </body>
</html>
