2392 3922
131 175 198 242 390
321 176 597 230 ANTIDOTARIUM
614 176 721 228 Bnux„
740 173 948 227 SECUNDUM.

80 339 143 405 148
220 342 269 402 ad
290 341 444 401 talorum
462 348 637 401 tumorem
657 347 691 400 11
708 339 859 419 plantae.
882 341 1058 418 pampinum
1075 339 1142 397 vitis

130 432 255 491 viridem
283 448 358 508 aqua
387 430 514 490 ferventi
540 428 694 508 perfunde.
723 446 811 508 quem
840 434 978 493 conteres
1001 434 1034 488 11
1054 444 1144 505 super

130 521 304 598 impositum
327 518 487 597 colligabis.

79 604 141 668 149
217 608 265 668 Ad
288 607 417 668 luxum.
449 609 599 686 pumicem
626 605 797 686 combures,
824 605 916 666 facies
944 607 1092 684 cinerem,
1108 611 1144 664 -et

130 688 197 756 cum
221 696 285 756 oleo
309 703 490 757 maceratum
513 695 642 756 calidum
664 697 808 773 impones.
1166 700 1176 742 ⁵

80 781 144 846 150
219 786 267 845 Ad
288 787 426 845 ventris
445 784 612 845 dolorem.
636 786 762 844 minoris
781 783 870 844 altilis
889 781 987 862 pullos
1006 784 1060 862 qui
1078 799 1143 842 san·

130 877 250 953 guinem
273 874 385 935 habent
407 876 489 953 teris,
512 880 543 933 et
565 874 649 952 potui
672 871 764 933 dahis.

78 959 140 1024 151
218 962 267 1023 Ad
285 963 407 1024 febres
425 962 480 1023 vel
498 961 776 1022 hemitritaeum
801 979 854 1021 ova
872 960 983 1039 frangis
1002 961 1144 1038 recentia,

130 1054 232 1114 vinum
260 1061 290 1112 11
322 1052 420 1113 oleum
451 1052 609 1111 rosacium.
642 1052 736 1128 agitas
766 1051 798 1109 in
825 1067 858 1109 se
886 1056 917 1110 11
948 1048 1143 1127 cataplasmas

129 1149 263 1203 ventrem
286 1143 350 1201 eius
375 1143 426 1220 qui
449 1141 567 1219 patitur.
593 1141 812 1218 superimponis
835 1137 998 1218 linteolum,
1022 1144 1053 1198 et
1076 1146 1177 1197 cum1⁰

130 1233 293 1309 siccaverit,
316 1230 395 1290 aliud
419 1230 556 1307 imponis

78 1315 141 1379 152
218 1319 266 1379 Ad
284 1319 555 1378 hemitritaeum
573 1317 666 1377 etad
689 1334 825 1376 omnem
849 1315 1021 1375 ardorem.
1046 1313 1145 1374 oleum

129 1409 284 1466 rosacium.
313 1413 343 1466 et
366 1404 449 1465 addis
473 1423 588 1484 aquam,
616 1423 704 1484 quam
732 1404 769 1465 ad
791 1404 890 1465 focum
913 1404 1005 1463 facies
1029 1409 1064 1463 ut
1086 1403 1144 1462 ier·

128 1502 201 1554 reat.
226 1495 409 1572 supermittis
432 1492 488 1553 lini
512 1511 614 1553 semen
636 1496 741 1553 tritum
764 1493 851 1574 hene,
872 1499 907 1552 ut
929 1492 1019 1552 faciat
1043 1510 1076 1552 se
1102 1493 1145 1552 sic

129 1584 213 1660 quasi
236 1589 377 1641 cerotum.
401 1588 432 1642 11
449 1583 482 1641 in
500 1599 632 1660 pannum
650 1581 769 1642 inducis
788 1590 818 1642 11
836 1581 873 1642 ad
891 1580 989 1641 media
1013 1583 1144 1660 imponis
1157 1588 1178 1629 1⁵

128 1679 158 1731 et
180 1672 296 1730 fascias.

77 1755 140 1821 153
216 1759 264 1820 Ad
282 1758 411 1819 febres.
435 1758 552 1837 adipem
570 1757 607 1818 de
630 1776 745 1840 ansere,
769 1766 820 1818 aut
843 1766 923 1819 certe
942 1758 979 1819 de
1002 1757 1144 1838 porcello,

129 1867 263 1928 crocum,
291 1848 388 1908 oleum
416 1850 564 1908 rosacium
587 1853 617 1907 et
644 1847 917 1908 chamaemelinum.
945 1847 1050 1926 adipes
1078 1847 1145 1908 hul·

129 1937 210 2019 liant,
233 1945 264 1998 et
285 1937 384 1998 oleum
406 1955 461 2016 per
482 1936 636 1997 linteolum
655 1936 742 1996 colas.
766 1955 801 1996 ea
823 1938 922 1996 omnia
944 1937 977 1995 in
999 1939 1144 1996 mortario

128 2029 211 2106 teris,
234 2034 263 2087 et
285 2027 355 2087 linis
378 2044 465 2086 omne
489 2044 597 2104 corpus
620 2027 686 2086 eius
709 2027 761 2103 qui
779 2027 898 2105 patitur,
921 2032 952 2085 11
970 2024 1008 2085 de
1033 2024 1143 2085 sabano
1157 2032 1180 2072 20

129 2119 230 2195 tergis,
986 2144 989 2150 ·

83 2199 147 2264 154
223 2204 266 2265 Ut
285 2223 353 2265 non
371 2204 582 2265 infirmeris.
606 2203 712 2262 violam
722 2221 791 2263 cum
804 2201 924 2282 videris,
939 2201 1032 2279 digito
1043 2202 1142 2262 medio

129 2299 159 2353 11
176 2293 282 2371 pollice
302 2294 428 2371 decerpe
443 2293 556 2371 florem,
575 2299 605 2350 11
621 2310 714 2352 unum
728 2292 878 2371 devorato,
893 2290 999 2350 deinde
1014 2289 1144 2350 alterum

129 2389 159 2441 11
181 2383 311 2442 tertium.
336 2389 480 2460 quotquot
503 2382 588 2440 annis
611 2381 668 2440 hoc
691 2380 809 2460 feceris,
831 2398 892 2440 non
915 2378 1092 2458 aegrotabis.

77 2465 141 2529 155
217 2469 265 2528 dd
288 2469 424 2529 febrem
448 2469 719 2529 discutiendam.
744 2471 856 2529 nitrum
879 2464 909 2528 et
932 2475 980 2528 tus
1004 2471 1088 2549 teris,
1113 2475 1180 2528 et²⁵

129 2556 239 2616 adicies
263 2557 369 2637 oleum,
393 2564 424 2617 et
444 2559 547 2617 vinum
569 2556 712 2636 tepidum,
735 2564 765 2617 et
789 2560 833 2618 sic
855 2574 1034 2636 perungues.

77 2640 140 2706 156
217 2645 264 2704 Ad
280 2644 414 2705 febrem
427 2644 669 2705 medullarem.
685 2645 828 2707 lacertum
841 2644 1120 2726 prendisdielovis,

130 2732 230 2794 oculos
254 2735 282 2792 ei
304 2733 384 2792 tollis
408 2742 438 2793 et
460 2737 493 2793 in
515 2732 637 2794 linteolo
661 2734 734 2813 ligas
758 2754 813 2814 per
836 2735 952 2814 singula
974 2751 1078 2812 genua.

78 2818 140 2884 151
218 2822 265 2881 dd
285 2840 450 2883 somnum.
479 2825 570 2883 vitem
585 2824 720 2884 succides
735 2831 764 2884 et
783 2844 889 2903 aquam
908 2827 973 2885 eius
995 2818 1142 2901 suscipies

128 2911 166 2972 ad
189 2913 353 2992 potionem,
382 2919 411 2972 et
439 2911 562 2973 calidam
590 2913 700 2973 adicies
730 2915 773 2972 sic
801 2915 887 2991 quasi
914 2916 946 2973 in
968 2914 1036 2972 vino
1062 2919 1141 2972 tem·
1156 2920 1180 2960 ³⁰

129 3019 225 3078 peres
249 3008 279 3061 ct
301 2996 405 3083 (non)
429 3000 603 3080 aegrotabis

182 3255 185 3261 “
201 3265 218 3312 4
236 3259 332 3315 foxum
345 3262 381 3316 B.
454 3265 470 3315 8
489 3259 536 3316 vel
549 3257 760 3337 hemitritaeum
777 3256 831 3309 ed:
855 3214 945 3337 evelle
964 3256 1056 3312 mittit
1079 3274 1144 3313 eam

130 3331 194 3411 (sic)
209 3331 245 3385 B.
300 3331 604 3405 9(etc.)roseceumB.
634 3346 636 3350 ’
661 3334 694 3384 10
713 3327 874 3406 1191111111
892 3343 927 3408 er,
946 3336 978 3384 ut
995 3331 1058 3398 cd).
1078 3331 1143 3383 item

127 3402 208 3476 ,mira
226 3419 247 3456 1.
263 3405 324 3457 153.
398 3408 431 3484 11
446 3401 638 3464 emitriteirB.
703 3397 838 3480 14111111
856 3412 886 3452 se
905 3400 988 3481 s1c-B
1003 3401 1144 3468 (111174).-

129 3468 588 3616 ξὲἑι5511111111181ωὲ11111ω151),
617 3476 651 3525 30
669 3469 793 3525 cehdsm
810 3469 864 3524 ed:
884 3468 958 3522 —du
971 3470 1007 3523 Β.
1063 3472 1142 3524 3111
