2392 3922
528 161 716 216 crurucu.
1052 162 1119 228 439

124 321 184 389 (10)
197 318 301 374 Pulmo
321 322 419 374 autem
483 322 538 389 (10)
558 319 655 388 pulmo
675 322 771 375 autem
833 323 888 390 (10)
897 320 993 389 pulmo
1007 337 1073 375 vero
1088 321 1119 374 in

89 389 349 445 inmodumfabri.
364 389 419 444 fer·
447 389 701 444 inmodumfahris
715 392 770 445 fer·
797 391 913 444 modum
924 391 1119 446 fabriferrarii

90 459 175 515 raria.
186 459 267 514 follis
274 460 418 515 estalter-
446 460 539 515 rariae
555 461 632 516 follis
651 464 695 516 est
714 461 770 532 spi·
797 461 874 515 follis
887 464 931 516 est
940 461 1117 518 constitutus.

91 530 200 586 alteris.
217 531 351 602 spiritum
360 533 419 585 tra
446 531 533 586 ritum
556 536 652 586 traens
671 535 701 587 et
719 534 769 587 ed·
797 532 970 587 alteralteri
989 533 1119 602 spiritum

91 603 141 657 det
162 601 306 672 adimplet
322 605 419 672 pecto·
446 601 567 672 implens
585 603 708 672 pectoris
727 603 769 658 lo·
796 604 920 659 tradens.
953 606 982 658 et
1018 604 1118 674 implet

91 689 135 727 ree
148 672 255 728 locum.
272 673 348 727 Nam
361 675 418 728 eto-
447 691 518 729 cum.
529 677 558 729 et
567 692 677 728 rursum
687 675 768 730 emit-
795 674 917 743 pectoris
923 675 1118 730 archanajsto-

90 744 211 798 machus
233 743 328 798 ventri
353 761 419 799 con·
446 747 509 799 tens
542 745 673 814 spiritum
708 745 767 801 sive
795 746 1118 801 machusautemventri

91 813 207 869 iunctus
223 817 275 869 est.
289 813 365 869 Nam
375 815 418 869 in-
446 815 553 871 flatum.
796 816 962 870 coniunctus
990 820 1041 872 eet.
1069 817 1118 885 qui

92 888 135 940 ter
150 886 225 941 duas
238 885 342 955 pinnas
355 886 418 967 pul-
794 885 869 940 inter
894 887 990 955 spinas
1008 888 1117 956 pulmo-

92 956 185 1010 monis
226 955 258 1010 in
293 957 419 1011 medium
794 975 862 1010 num
873 956 966 1011 medio
980 958 1115 1026 possidet.

91 1027 221 1096 positum
238 1029 283 1081 est
300 1044 356 1082 cor.

127 1203 418 1274 (11)Oorautemnoc-
830 1206 885 1274 (11)
895 1220 943 1257 cor
952 1219 1019 1258 vero
1028 1220 1115 1258 venas

91 1277 143 1330 ter.
159 1291 249 1330 venae
259 1275 348 1329 habet
357 1276 416 1331 ΠΠ.
793 1274 881 1328 habet
891 1277 1033 1342 quattuor.
1044 1275 1115 1328 duas

90 1345 170 1400 Duae
204 1345 351 1415 spiritalis.
390 1349 419 1401 et
794 1361 856 1412 quae
875 1344 1008 1414 spiritum
1026 1345 1115 1400 eonti-

91 1416 418 1487 duassanguinalis.Que
792 1419 869 1471 nent.
888 1416 1016 1486 pulmoni
1032 1417 1115 1471 affixe

92 1486 310 1557 spiritalissunt
323 1491 417 1543 conte·
793 1489 867 1543 sunt.
895 1505 1016 1556 quarum
1038 1488 1115 1543 faeta

90 1561 162 1612 nent
174 1558 346 1628 pulmonem.
358 1559 417 1625 Que
793 1559 1035 1614 concatenatione.
1072 1563 1115 1614 to-

92 1628 418 1699 sanguinalisiecorper
792 1631 854 1682 tum
872 1647 972 1699 eorpus
999 1630 1115 1700 sanguis

92 1716 150 1768 qua
183 1702 325 1754 statutum
357 1717 417 1757 cor·
793 1699 969 1755 diffunditur.
1009 1704 1038 1754 et
1075 1701 1115 1755 sic

91 1770 234 1838 puefacta
248 1775 416 1826 concatena-
792 1786 863 1825 vene
902 1771 1016 1840 pulsum
1052 1771 1114 1824 red-

90 1840 180 1896 cione.
214 1842 331 1912 sanguis
369 1843 416 1898 de·
792 1841 870 1895 dunt.
890 1841 988 1910 pulsus
1003 1840 1045 1895 ita
1062 1859 1114 1894 nu-

90 1911 233 1967 fundetur.
262 1913 309 1967 Sic
341 1913 416 1968 enim
790 1910 876 1965 tritur
903 1911 986 1965 modo
1012 1911 1114 1980 recipit

89 1982 189 2051 pulsus
197 1983 308 2039 redunt.
317 1984 415 2053 pulsus
791 1981 958 2050 sanguinem
975 1997 1054 2036 vene.

91 2056 187 2108 autem
214 2055 324 2110 nutriet
349 2056 416 2109 dum

91 2126 175 2179 modo
190 2124 334 2194 recipiunt
352 2142 415 2181 ean-

89 2194 214 2317 lguinem.
229 2197 315 2251 modo
325 2198 415 2267 repel-

100 2270 160 2322 unt.

90 2406 144 2461 (lor
153 2425 222 2478 ergo
232 2407 362 2463 iunctum
371 2413 415 2464 eet
447 2422 495 2461 cor
508 2422 575 2476 ergo
589 2408 622 2460 ut
640 2403 762 2458 diximus
790 2405 895 2460 idcirco
918 2405 1044 2475 positum
1069 2410 1113 2461 est

88 2478 232 2546 pulmone.
251 2479 307 2533 Sed
325 2480 356 2533 in
372 2497 414 2535 se·
442 2477 571 2532 iunctum
589 2480 633 2532 est
652 2476 762 2546 pulmo-
790 2477 867 2546 quod
884 2477 962 2546 greci
977 2477 1039 2547 peri
1052 2494 1113 2531 car·

88 2553 190 2604 nextra
217 2552 301 2619 parte
333 2550 414 2605 incli-
442 2547 527 2602 nibus
542 2547 633 2602 sedin
647 2546 763 2602 sinistra
791 2548 979 2604 dianvocant.
997 2548 1112 2619 cingens

87 2622 189 2674 natum
213 2623 265 2674 est.
295 2621 348 2675 sub
372 2638 414 2676 ee·
441 2621 523 2689 parte
533 2618 702 2673 inclinatum
710 2619 762 2673 sub
790 2622 929 2674 extremas
943 2623 1039 2689 partes
1050 2620 1113 2690 pul-

87 2694 189 2745 nextra
199 2691 343 2746 mamella.
359 2692 415 2747 Sed
442 2689 763 2744 sinistramamillaarca
789 2692 868 2744 moni

87 2760 163 2815 circa
192 2778 258 2816 eum
289 2761 414 2831 positum
441 2760 685 2831 positaest.quod
698 2777 762 2830 gre·

88 2832 166 2900 quod
189 2832 277 2902 greci.
303 2850 414 2902 precor·
442 2832 469 2887 ci
506 2831 683 2902 precordiam
713 2847 762 2885 ro-

88 2902 288 2959 diamvocant.
297 2903 413 2974 cingens
442 2906 517 2959 cant.
537 2902 652 2972 cingens
671 2904 762 2955 extre-

88 2975 231 3055 extremas
244 2978 342 3044 partes
350 2975 413 3045 pul·
441 2971 761 3043 maspartespulmonis

87 3060 187 3100 mome.

123 3241 179 3308 (12)
194 3239 248 3293 sub
262 3239 309 3292 hie
317 3239 413 3308 posita
476 3239 532 3308 (12)
546 3237 694 3307 subposita
710 3239 761 3293 est.
825 3238 880 3304 (12)
888 3233 1035 3303 supposita
1045 3237 1111 3287 sunt

88 3308 413 3379 suntprecordia.quem
439 3307 588 3378 precordia
635 3307 762 3363 continet
788 3304 937 3375 precordia
959 3322 1014 3376 que
1033 3303 1110 3372 greci

87 3397 171 3448 grece
189 3380 344 3435 diafraima
364 3398 413 3436 vo·
439 3378 581 3449 pulmonis
596 3381 682 3434 eteor
696 3380 761 3434 eub-
790 3376 969 3446 diafregman
997 3376 1109 3430 vocant.
1144 3432 1148 3445 Ι

87 3454 155 3505 cant
173 3453 329 3506 contenent
350 3452 412 3521 pul-
440 3450 517 3504 iacet
539 3448 589 3504 eis.
608 3452 708 3504 venter
732 3453 761 3505 et
788 3446 915 3502 continet
948 3445 1107 3515 pulmonem

190 3541 250 3594 III
256 3539 312 3610 (D)
546 3538 651 3608 IV(P)
909 3534 987 3604 We)
