2392 3922
465 172 736 226 inomandum.
1042 175 1107 238 323

87 329 226 402 (curat).⁴
252 330 286 381 ut
304 327 528 397 experimentum
546 327 666 397 habeas,
690 330 814 399 porcello
834 332 871 385 da
890 331 991 386 exinde
1010 333 1108 387 bibere

86 413 116 464 et
135 408 234 463 occide
253 424 319 461 eum
342 411 372 462 et
395 407 521 477 splenem
540 407 642 461 einen
664 409 799 464 invenies.
823 411 876 464 hoc
899 428 950 480 per
974 412 1107 467 triduum.

86 488 185 543 salicis
204 505 351 557 cymarum
369 486 506 542 faciculos
520 488 560 541 III
580 487 718 556 decoquas
737 489 768 543 in
785 492 867 559 ¹[aqua
886 490 924 543 ad
942 491 1056 560 tertias,
1080 495 1109 546 et

88 569 189 623 diebus
208 567 234 621 V
252 567 335 636 potui
354 567 437 621 dabis
461 567 579 621 calicem
596 567 712 636 plenum
731 567 870 622 diurnum.
891 569 1029 624 radicitus
1045 588 1109 625 eum

88 648 185 714 siccat,
206 646 256 700 sed
274 648 341 715 post
358 663 417 700 non
434 646 608 715 gravabitur,
626 649 630 716 Ι
648 651 685 716 (p.
695 652 760 716 113)
777 648 850 702 sicut
869 667 954 718 supra
974 650 1109 721 scriptum
1136 668 1148 708 5

87 731 132 783 est
154 728 209 781 hac
232 726 350 796 potione
373 726 416 780 ita
439 724 670 795 experimentato.
700 729 805 782 herbae
834 729 999 797 cyclaminis
1027 731 1109 784 radix

88 808 162 863 collo
187 822 324 877 suspensa
347 808 377 860 et
405 822 488 874 super
511 805 648 878 spleneml
662 807 696 861 de
720 807 841 862 fasciola
865 808 957 877 ligata
984 810 1107 878 prodest.

88 888 213 942 vesicam
231 885 402 941 bubulinam
421 885 480 939 sive
498 884 644 954 porcinam
663 888 744 940 aceto
768 887 904 941 acerrimo
928 887 1060 956 implebis
1080 891 1110 942 et

87 967 212 1021 calidam
229 961 324 1036 'spleni
343 966 479 1035 impones.
507 965 629 1019 cinerem
648 981 682 1018 ex
705 982 780 1033 aqua
804 983 958 1037 consperge
977 970 1006 1021 et
1026 983 1109 1035 super

87 1045 214 1115 splenem
241 1045 319 1100 horis
351 1047 460 1099 duabus
488 1043 609 1113 impone.
639 1061 736 1098 ervum
758 1045 804 1099 vel
829 1062 912 1100 eruca
931 1046 1060 1115 prodest,
1084 1045 1149 1104 siro

87 1125 194 1180 cotidie
219 1124 388 1194 spleniticus
416 1124 569 1179 manducet
596 1123 715 1179 ieiunus.
745 1126 783 1178 ad
806 1125 932 1194 splenem
957 1128 986 1179 et
1014 1124 1109 1179 media

88 1206 238 1260 tumentes.
266 1204 441 1274 perdicalem
459 1205 577 1259 herbam
599 1205 687 1258 tunde
714 1207 743 1258 et
766 1222 864 1259 sucum
887 1222 937 1275 per
960 1204 1110 1259 linteolum

89 1285 196 1352 colato,
225 1287 255 1338 et
279 1283 349 1338 luna
374 1285 552 1338 decrescente
576 1299 626 1352 per
655 1287 713 1338 tres
738 1285 798 1339 dies
821 1284 896 1338 Iovis
922 1285 1003 1353 potui
1033 1285 1108 1338 dato.

88 1364 189 1419 lolium
212 1362 301 1433 friges
326 1367 356 1418 et
377 1367 464 1432 teres,
494 1362 610 1430 eiusque
637 1363 783 1432 pulverem
805 1363 900 1418 ieiuno
922 1363 1004 1433 potui
1033 1364 1108 1416 dato.

89 1444 197 1498 caricas
215 1443 248 1497 in
267 1446 348 1498 aceto
367 1443 475 1497 infusas
490 1446 574 1511 teres,
593 1445 623 1496 et
636 1442 667 1496 in
680 1460 775 1512 panno
794 1443 943 1498 inductum
960 1442 1030 1497 mire
1044 1458 1108 1511 pro·
1124 1461 1149 1502 15

90 1524 158 1577 dest.
187 1522 319 1576 bitumen
342 1521 483 1590 liquidum
505 1521 536 1575 in
562 1521 698 1591 pellicula
725 1523 818 1591 pilosa
847 1523 882 1576 de
907 1526 970 1578 utre
998 1521 1108 1576 vinario

89 1603 237 1656 inductum
264 1601 412 1671 imponito.
440 1601 518 1656 item.
551 1619 672 1671 gypsum
699 1601 730 1655 in
763 1606 843 1657 aceto
872 1604 1052 1673 [maceratum
1078 1601 1109 1654 in

88 1700 182 1752 panno
196 1682 348 1735 inductum
361 1681 507 1751 imponito.
531 1681 654 1736 hederae
668 1682 755 1736 bacas
769 1699 821 1752 per
834 1682 962 1737 triduum
980 1682 1010 1734 in
1027 1682 1108 1735 aceto

89 1762 196 1816 infusas
221 1764 252 1816 et
275 1778 341 1815 cum
363 1761 487 1831 axungia
515 1761 605 1816 veteri
633 1763 765 1816 contusas
789 1762 820 1815 in
847 1778 920 1816 novo
948 1776 1042 1829 panno
1066 1759 1108 1810 in-

90 1842 184 1897 ducito
213 1843 244 1895 et
271 1840 411 1910 imponito
434 1841 477 1895 ita
499 1857 535 1895 ne
562 1857 613 1911 per
640 1841 767 1895 triduum
794 1841 895 1896 solvat.
915 1842 1018 1900 ,rutam
1045 1855 1108 1890 cum
1122 1859 1149 1899 20

89 1921 214 1992 axungia
238 1925 313 1976 teres
338 1924 367 1976 et
389 1939 484 1991 panno
511 1921 658 1975 inductam
681 1921 816 1989 impones.
845 1919 988 1974 brassicae
1014 1934 1108 1971 semen

90 2020 152 2056 cum
176 2003 260 2055 aceto
283 2000 384 2054 tritum
407 2003 436 2054 et
458 2003 605 2068 tamquam
627 2001 771 2070 malagma
790 2001 820 2053 in
842 2017 937 2069 panno
960 1999 1109 2051 inductum

91 2081 188 2135 autin
208 2081 309 2134 charta
334 2079 424 2149 spleni
447 2079 593 2148 imponito.
621 2080 645 2133 si
669 2083 763 2134 aestas
787 2083 843 2149 est,
868 2079 904 2132 ab
928 2079 998 2131 hora
1017 2076 1109 2145 prima

91 2176 176 2228 usque
202 2159 240 2213 ad
259 2159 311 2213 VII
333 2176 420 2228 pones
447 2159 583 2227 quamdiu
607 2159 720 2214 sufferre
743 2159 846 2228 possit,
873 2158 897 2211 si
915 2158 1019 2225 hiems,
1046 2158 1109 2210 tota

91 2241 144 2309 die,
164 2256 234 2294 sane
253 2239 322 2292 luna
342 2240 527 2294 decrescente.
549 2240 652 2308 pedem
667 2239 814 2293 sinistrum
827 2238 858 2292 in
872 2239 1002 2293 arborem
1016 2235 1107 2305 capri·
1122 2254 1147 2291 aa

90 2321 136 2374 fici
153 2337 252 2391 pones,
272 2321 301 2372 et
320 2318 473 2388 vestigium
490 2319 571 2388 pedis
592 2319 626 2373 de
645 2319 749 2373 cortice
769 2318 829 2372 eius
847 2316 944 2386 tolles,
969 2319 998 2370 et
1016 2316 1109 2385 ipsam

91 2400 226 2454 corticem
245 2398 275 2450 in
294 2398 371 2452 fumo
391 2400 552 2467 suspendes.
581 2399 718 2453 lacertam
740 2397 861 2452 viridem
884 2397 914 2450 in
936 2412 1003 2450 vase
1027 2394 1109 2449 fictili

91 2498 163 2535 novo
187 2478 300 2546 mittes,
325 2481 354 2532 ct
376 2495 427 2547 per
448 2478 574 2533 medium
597 2477 684 2532 limen
706 2478 842 2547 pendeat,
869 2476 919 2530 ubi
943 2474 1109 2545 spleniticus

92 2562 196 2628 manet,
216 2561 247 2613 et
266 2558 377 2612 condes.
407 2559 474 2610 dum
492 2557 551 2612 exit
570 2557 629 2613 sive
648 2557 816 2627 ingreditur,
834 2557 911 2612 idem
929 2574 979 2611 vas
999 2560 1109 2626 tangat,

165 2790 283 2842 lcurat
301 2805 352 2842 om.
372 2789 396 2840 b.
470 2787 593 2841 3cimas
612 2789 635 2842 b.
716 2787 931 2842 4diuturm'1b.
1005 2793 1109 2855 dgna-

93 2879 136 2932 bit
157 2880 220 2944 (tic)
242 2878 319 2944 b(=
334 2875 500 2947 generabit).
554 2880 557 2945 Ι
575 2875 615 2928 sic
630 2862 690 2947 cufi.
710 2883 738 2930 's‘s
752 2881 767 2929 e
781 2877 855 2929 hanc
873 2875 1006 2944 porcione
1021 2882 1067 2928 etc.
1084 2875 1107 2952 h

94 2952 163 3016 tos.
175 2949 268 3003 Marc.
282 2950 387 3014 12236,
400 2951 446 3001 26.
542 2946 661 3016 7ligat0
678 2951 701 3002 b.
806 2947 904 3015 diplas
920 2949 943 3000 b.
1035 2949 1108 2996 901-

94 3038 145 3072 nus
165 3021 188 3074 b.
282 3015 435 3085 conspalge
454 3019 477 3071 b.
570 3019 887 3072 10herb1‘1terueab.
988 3020 1020 3066 11
1037 3013 1108 3081 sple-

95 3106 203 3162 neticus
224 3109 247 3160 b.
314 3104 406 3172 Aplen
424 3125 439 3157 r
457 3104 552 3158 media
570 3109 658 3159 tumts
674 3109 697 3160 b.
750 3110 783 3157 14
797 3104 865 3157 teris
881 3106 904 3157 b.
956 3101 1070 3155 lateris
1086 3103 1109 3154 b.

98 3185 127 3231 19
147 3177 265 3231 inducto
287 3178 316 3230 et
334 3174 441 3244 iposita
460 3178 483 3229 b.
595 3182 629 3229 20
648 3179 681 3243 cf.
703 3176 787 3229 Marc
811 3193 840 3242 p.
855 3178 919 3240 240,
934 3178 977 3226 31.
1069 3171 1110 3222 in-

96 3251 180 3302 ducta
198 3246 296 3318 iponis
316 3249 339 3301 b.
397 3252 430 3300 22
449 3245 566 3299 inducta
586 3249 609 3301 b.
665 3252 698 3298 23
718 3249 747 3299 et
766 3244 856 3313 spleni
872 3247 894 3298 b.
951 3244 987 3296 ad
1002 3242 1072 3294 hora
1087 3243 1109 3295 b.

96 3326 129 3373 24
148 3321 229 3388 ponis
251 3321 275 3373 b.
333 3316 450 3386 hyemps
465 3319 488 3372 b.
544 3323 578 3370 25
597 3319 630 3384 cf.
647 3317 736 3370 Marc.
748 3333 777 3385 p.
792 3319 856 3381 241,
871 3320 895 3367 1.
942 3319 974 3367 26
989 3312 1071 3382 ponis
1087 3314 1110 3365 b.
1181 3360 1195 3385 ι

96 3390 171 3444 tollis
191 3393 215 3445 b.
307 3387 370 3456 ipsa
390 3391 451 3455 (sic)
472 3390 495 3442 b.
588 3393 621 3440 27
640 3385 789 3454 suspendis
809 3387 831 3439 h.
852 3387 885 3451 cf.
906 3386 984 3439 Plio.
1005 3401 1049 3453 ap.
1065 3384 1111 3437 Pa

96 3463 169 3518 Plio.
187 3465 209 3530 f.
224 3465 276 3516 42⁶
296 3466 344 3513 erc.
364 3459 454 3513 Marc.
471 3461 580 3528 p239,
595 3464 637 3512 11.
696 3488 698 3492 .
735 3461 769 3510 28
783 3455 874 3509 mittis
889 3457 923 3511 b..
1004 3454 1113 3525 splene-

96 3533 167 3587 ticus
186 3535 209 3588 h.
287 3534 323 3582 29
343 3529 464 3583 eundem
481 3546 532 3582 vas
552 3532 574 3583 t.

907 3617 961 3672 Ἃ*
