2392 3922
471 111 659 165 omsnom
1009 111 1076 176 459

92 272 150 340 (22)
176 268 243 323 ideo
267 270 365 323 autem
386 271 419 323 ut
447 267 568 322 diximus
632 271 687 340 (22)
707 268 805 324 dentes
824 269 901 324 onim
922 269 1013 324 nostri
1032 287 1076 324 or·

58 358 115 395 non
142 338 279 409 loquitur.
309 340 359 394 sed
386 339 498 409 vagitat
522 339 570 394 vel
596 357 672 410 gana
700 343 766 395 sunt
793 341 1000 409 quodammodo
1023 340 1077 395 lin-

58 410 187 466 balbutit
204 409 274 479 quia
289 410 387 465 dentes
402 410 568 466 nonhabet.
596 428 659 481 guo.
679 411 773 467 infans
796 411 919 480 denique
942 412 991 480 qui
1010 413 1077 467 don-

60 483 158 537 dontes
178 483 276 536 autom
294 480 385 535 nostri
409 481 456 536 vel
474 484 507 536 ut
526 498 569 535 or·
596 484 640 537 tos
659 499 716 537 non
733 482 874 538 habuerit.
894 483 983 552 vagit.
1010 484 1078 537 dum

59 571 164 623 ganum
193 554 268 606 sunt.
298 569 416 620 quorum
440 552 569 607 modulat
595 570 662 608 vero
676 552 723 608 vel
732 553 779 608 III.
793 552 933 609 habuerit.
949 553 1076 609 musitat.

59 624 147 679 rixam
165 623 267 693 lingua
286 622 360 678 siout
381 623 520 693 plectrum
538 623 569 677 in
597 625 665 678 dum
682 640 749 679 voro
769 641 799 679 os
826 624 958 679 dentibus
977 624 1077 696 impla-

59 695 185 765 cythara.
595 695 677 750 verit.
696 694 831 764 loquitur.

92 1195 149 1263 (23)
165 1191 267 1246 dentes
287 1191 383 1245 autem
400 1188 485 1260 primi
499 1205 567 1258 apro
631 1193 687 1260 (23)
698 1191 796 1244 dentes
811 1191 907 1244 autom
919 1189 1010 1244 nostri
1020 1191 1075 1314 ((12-

59 1263 184 1319 osdendo
198 1264 345 1318 vocantur.
360 1262 465 1315 thonus
478 1260 510 1314 id
524 1262 567 1315 ost
595 1277 671 1330 gana
690 1264 757 1316 sunt
774 1267 838 1316 aute
851 1261 919 1332 ras]
936 1261 1012 1329 quod
1046 1277 1076 1314 a·

59 1333 191 1390 sosoriae.
212 1333 264 1388 alii
282 1333 421 1388 vocantur
434 1331 567 1386 oinoden-
595 1332 701 1388 bemus.
719 1331 771 1386 alii
783 1333 922 1387 vocantur
936 1331 1076 1402 cynoden-

58 1405 95 1460 tls
114 1405 191 1474 qnod
209 1421 261 1459 nos
281 1403 371 1458 latine
389 1401 505 1457 caninos
525 1401 566 1455 di·
594 1405 646 1458 tos.
658 1420 727 1472 quos
738 1402 854 1458 caninos
865 1402 993 1459 dicimus.
1005 1420 1076 1472 quos

59 1472 567 1618 liffinllsillallliufflill
594 1473 993 1600 lllffilttltlslt
1009 1475 1076 1600 {tt

58 1616 186 1672 mollieto
197 1616 276 1685 quod
288 1632 340 1670 nos
354 1615 475 1670 molares
489 1632 507 1669 a
528 1614 567 1670 el·
594 1633 686 1685 noque
700 1616 855 1670 medullam
867 1615 982 1670 habant.
997 1615 1076 1670 ideo-

58 1688 158 1745 lumus.
186 1704 221 1743 eo
249 1687 325 1756 quod
356 1702 451 1741 escam
480 1633 567 1741 viiud
595 1703 649 1756 que
668 1686 764 1743 omnia
782 1702 846 1741 ossa
864 1685 1052 1756 confringunt.

58 1759 134 1814 mola
148 1757 349 1814 comminuant.
365 1758 464 1812 dentes
477 1757 568 1812 nostri
586 1775 589 1782 ·

59 1830 128 1899 quid
142 1845 206 1885 esso
219 1830 358 1898 putantur
372 1845 444 1882 ossa.
464 1827 488 1882 si
503 1844 567 1883 ossa

59 1904 125 1957 sunt
150 1901 250 1956 dentes
273 1898 371 1954 nostri.
400 1915 450 1953 our
472 1898 567 1953 omnia

60 1970 567 2028 ossamodullamnonhabont‘lden-

59 2047 101 2098 tas
129 2044 229 2098 autom
250 2057 308 2095 non
334 2041 442 2096 habent
469 2043 519 2095 aut
543 2040 568 2094 si

59 2131 122 2170 ossa
141 2114 211 2167 sunt
225 2113 323 2167 dentes
337 2110 428 2166 nostri
446 2129 496 2166 our
510 2128 567 2166 om-

58 2186 107 2241 nia
129 2185 224 2240 fracta
249 2181 450 2238 confirmantur
472 2185 502 2237 ot
520 2199 568 2237 ou-

58 2259 159 2312 rantur
171 2254 219 2310 vel
236 2253 375 2308 inlocum
393 2271 475 2307 suum
492 2269 567 2308 roso-

58 2328 206 2382 lidantur‘l
229 2324 255 2378 si
274 2325 373 2379 dentes
392 2323 498 2378 sublati
517 2326 568 2378 aut

57 2397 143 2453 fracti
163 2396 202 2451 ad
218 2396 314 2450 looum
336 2411 418 2448 suum
435 2410 567 2449 rovocare

57 2487 113 2526 non
122 2468 253 2540 possunt.
265 2466 328 2591 {sed
341 2464 372 2518 in
381 2465 567 2520 cadaveribus

57 2544 236 2597 mortuorum
287 2539 366 2591 antes
402 2539 569 2606 putrescunt

57 2613 134 2682 quod
164 2626 229 2664 ossa
256 2624 314 2662 non
337 2606 454 2663 faciunt.
478 2609 569 2662 restat

57 2700 124 2754 argo
143 2697 198 2736 nso
215 2681 299 2750 petra
316 2694 369 2733 noo
386 2695 450 2733 ossa
469 2678 568 2733 dentes

57 2771 118 2809 osse
128 2770 196 2807 eum
204 2749 308 2820 quibus
321 2748 412 2804 nichil
421 2749 569 2804 habentin

56 2828 162 2880 natura
173 2836 330 2877 commune.
341 2820 392 2874 sed
402 2819 476 2875 siout
485 2820 568 2884 dous

58 2893 202 2966 disposuit
240 2908 312 2947 ossa.
349 2893 464 2945 tantum
495 2907 567 2946 ossa.

57 2968 158 3021 dentes
185 2965 300 3018 tantum
330 2962 436 3017 dentes.
462 2961 568 3032 ungule

56 3041 171 3093 tantum
189 3033 305 3104 ungule.
325 3032 399 3087 siout
412 3031 443 3086 in
460 3032 569 3105 pecori·

57 3109 109 3163 bus
128 3122 238 3162 cornua
256 3106 370 3158 tantum
387 3120 500 3159 cornua.
522 3103 569 3159 vol

56 3179 87 3233 in
96 3177 209 3235 eunetis
221 3174 416 3230 animantibus
430 3192 496 3230 caro
505 3177 568 3229 tan-

56 3254 117 3305 tum
140 3265 216 3305 caro.
244 3245 318 3300 cutis
345 3248 459 3301 tantum
485 3244 567 3301 cutis.

56 3319 253 3390 unusquisque
284 3315 428 3386 propriam
459 3316 568 3371 habens

56 3391 213 3462 naturam]
