2392 3924
310 185 814 240 EUPORISTONFAENOMENON.
1031 185 1075 249 95

54 346 205 407 viridibus
223 349 272 408 vel
294 349 365 410 mali
388 352 504 429 granati
525 352 622 411 tunsis
642 349 872 429 cataplasmandi
894 357 970 410 sunt.
1009 353 1073 428 qui-

55 435 114 496 bus
139 454 210 496 sane
231 436 264 497 hi
288 437 386 516 aliquo
405 439 482 499 sorte
500 441 562 500 ictu
580 441 758 519 nigrescant,
781 439 875 499 farina
894 441 987 499 tritici
1005 458 1073 499 cum

54 527 122 603 pice
146 523 243 585 soluta
266 526 396 587 admixta
420 535 569 588 curantur.
603 535 633 588 et
656 527 780 606 sulphur
803 530 902 587 vivum
924 528 981 587 hoc
1005 546 1073 588 cum

54 614 189 690 porcinis
218 614 356 694 adipibus
382 623 505 677 tunsum
529 623 558 677 et
581 618 774 677 commixtum
800 622 939 694 praestat.
981 623 1011 677 et
1033 634 1072 676 ne

55 704 146 761 etiam
175 704 236 781 ipsi
262 722 377 782 ungues
402 704 537 786 exiliant,
564 704 620 764 lini
647 707 769 765 seminis
796 705 906 784 padvis,
934 704 1071 765 similiter
1098 718 1112 759 s

56 792 147 850 etiam
169 795 317 852 nasturcii
339 811 407 854 cnm
429 793 517 854 melle
536 795 647 853 mixtus
666 796 836 871 imponitur.
875 799 904 854 et
923 812 991 854 cera
1009 793 1072 853 sola

56 878 216 957 liquefacta
244 883 474 962 superimposita
501 885 542 942 ita
565 881 739 943 medebitur.
786 882 839 942 sed
861 882 909 941 bis
932 882 1070 942 omnibus

57 967 198 1029 adhibitis
223 968 336 1030 diutius
358 970 611 1050 perseverandum
630 979 683 1031 est.
721 971 855 1031 calefacti
874 973 984 1030 etenim
1003 989 1070 1048 per-

58 1059 224 1117 severantia
248 1057 389 1119 adiutorii
411 1078 526 1138 ungues
549 1059 656 1120 melius
679 1059 890 1138 gubernantur.

146 1145 300 1206 scabiosos
332 1147 425 1209 veluti
461 1148 652 1209 elefantiosus
685 1151 710 1208 si
743 1150 809 1226 quis
847 1147 922 1206 forte
956 1145 1123 1224 ungues9l

56 1231 204 1315 habuerit,
222 1236 285 1294 vini
303 1236 369 1297 faex
388 1239 467 1297 sicca
485 1239 555 1297 trita
574 1255 641 1297 cum
660 1238 806 1297 cerotario
825 1237 964 1313 imposita
978 1242 1069 1295 curat.
1085 1251 1110 1289 11

57 1329 86 1381 et
108 1322 185 1382 ficus
209 1325 289 1383 sicea
314 1331 439 1403 purgata
458 1332 493 1386 'et
519 1333 606 1385 tunsa
634 1327 865 1403 superimposita
892 1342 985 1403 aeque
1009 1343 1070 1384 me-

56 1410 153 1491 detur,
177 1416 209 1471 et
231 1409 343 1491 lapathi
365 1415 492 1492 agrestis
514 1413 598 1473 radix
622 1416 654 1474 in
677 1421 760 1474 aceto
783 1420 865 1474 cocta
887 1420 917 1473 et
936 1415 1069 1473 contrita.

55 1507 85 1558 et
103 1498 232 1579 sulphur
250 1502 349 1561 vivum
368 1520 436 1561 cum
455 1501 615 1562 sandaraca
635 1520 670 1562 ex
688 1520 783 1581 aequo
797 1505 902 1562 tritum
921 1509 951 1562 et
969 1521 1069 1580 asper-

55 1607 123 1648 sum
151 1590 294 1649 continuo
322 1597 413 1650 curat.
460 1597 490 1651 et
516 1589 615 1650 nuclei
642 1593 707 1669 pini
733 1587 851 1669 purgati
876 1597 905 1650 et
927 1593 992 1651 triti
1015 1594 1110 1651 im-1a

127 1781 142 1828 1
163 1777 232 1830 sunt
248 1778 285 1832 rb
297 1777 368 1833 een:
388 1781 470 1832 erunt
487 1780 523 1833 B.
579 1783 594 1831 2
614 1795 681 1832 sane
700 1777 744 1832 his
764 1779 859 1848 aliquo
878 1778 951 1833 forte
969 1778 1028 1832 ictu
1042 1798 1069 1834 r:

55 1863 123 1901 sane
141 1846 216 1901 forte
236 1863 261 1902 a.
279 1847 299 1902 i.
320 1848 378 1904 cer.
389 1852 467 1918 (sane
486 1849 523 1906 al.
537 1849 597 1903 ictu
612 1850 646 1918 b),
666 1865 733 1903 eane
751 1849 824 1904 forte
844 1849 941 1917 aliqua
958 1850 1022 1903 loca
1034 1852 1069 1905 B.

54 1918 219 1989 nigrescant
238 1919 267 1974 b:
286 1920 390 1973 -ount
407 1921 455 1975 rB
467 1920 526 1976 Get.
612 1926 628 1973 3
647 1920 740 1974 soluta
760 1921 856 1976 beet*
878 1919 938 1974 sola
956 1921 1005 1974 rB
1024 1921 1069 1988 (cf.

53 1991 90 2044 od
108 1995 136 2058 1,
154 1992 213 2059 87).
287 1988 414 2044 admixta
431 1991 467 2060 B,
487 1990 595 2046 amiate
612 2009 640 2047 ra
658 1991 749 2044 mixta
768 1992 853 2047 beel.
934 1991 963 2043 et
981 1990 1070 2043 sulfur

53 2059 150 2114 rivum
164 2061 221 2128 (bie
239 2060 366 2130 innotui)
379 2060 517 2132 similiter,
538 2063 567 2116 et
579 2061 753 2117 nasturcium
771 2078 836 2116 eum
853 2060 937 2115 melle
951 2059 1071 2113 mixtum

53 2130 210 2201 imponitur
229 2130 288 2186 eet.
307 2132 436 2187 hemiola
453 2133 562 2203 explent
578 2135 672 2203 r(bB,
690 2134 740 2188 ubi
753 2135 793 2187 sic
811 2133 848 2186 Et
862 2151 883 2188 s.
897 2149 923 2186 v.
938 2130 992 2185 hoe
1007 2147 1070 2183 cum

52 2202 171 2270 porcino
191 2200 276 2271 adipe
297 2203 412 2257 tunsum
435 2205 464 2258 et
481 2204 663 2258 commixtum
685 2203 814 2273 praestat
831 2219 866 2257 ne
887 2202 943 2271 ipsi
961 2218 1069 2271 ungues

53 2272 182 2328 exiliant.
206 2272 245 2326 Et
262 2271 316 2326 lini
329 2273 444 2328 seminis
462 2273 564 2344 pulvis.
591 2274 681 2330 Simul
695 2273 783 2328 etiam
797 2276 825 2327 et
839 2275 985 2328 asturaeus
996 2274 1069 2343 (sict)

52 2360 116 2398 enm
134 2343 221 2398 melle
235 2343 402 2399 commixtus
416 2344 570 2427 imponitur
583 2346 618 2414 B,
639 2345 733 2399 Sulfur
746 2344 843 2398 vivum
861 2344 993 2414 adipibus
1006 2360 1070 2413 por-

52 2415 123 2470 cinis
141 2414 265 2468 mixtum
287 2417 317 2469 et
337 2415 437 2470 tritum
454 2416 531 2470 1dem
548 2416 626 2472 facit.
656 2416 686 2472 Si
709 2415 797 2470 etiam
815 2433 922 2486 ungues
942 2415 1068 2472 exiliunt.

52 2485 118 2540 linis
128 2485 246 2541 seminis
255 2485 350 2556 pulvis
365 2485 428 2540 siml
443 2486 531 2541 etiam
544 2487 666 2542 nasturii
679 2504 702 2542 e.
711 2505 747 2542 m.
758 2486 862 2541 1111111
870 2486 1025 2558 imponitur
1035 2488 1069 2557 b).

54 2561 67 2610 1
94 2556 256 2627 liquefacta
277 2557 306 2611 B
321 2557 392 2613 eata
423 2557 520 2626 aliqua
547 2558 624 2612 facta
642 2577 658 2614 r
676 2558 826 2628 (calefacta
848 2561 878 2613 et
898 2558 1005 2628 iposita
1027 2558 1069 2612 ita

53 2628 173 2682 nedetur
192 2630 227 2697 b).
331 2627 374 2682 ita
391 2630 440 2684 rb:
460 2646 509 2685 om.
531 2630 588 2685 eu.
608 2636 634 2685 et
651 2631 722 2699 (caea
740 2647 790 2700 seq.
810 2630 978 2698 medebitur)
997 2630 1033 2686 Β.

54 2703 69 2752 8
87 2698 195 2753 etenim
212 2698 271 2768 rB,
289 2698 365 2752 enim
384 2700 556 2769 oretanum
575 2702 609 2770 b).
688 2707 703 2754 9
721 2718 749 2769 p.
769 2702 798 2754 et
817 2700 950 2754 adiutorii
968 2702 1070 2769 11111-

54 2768 250 2824 severantibus
269 2769 418 2825 adiutoriis
437 2773 471 2840 b).
526 2789 553 2827 u.
573 2789 608 2824 m.
647 2795 667 2826 .:
685 2788 722 2826 m.
741 2789 768 2840 g.
788 2787 896 2841 ungues
914 2789 937 2825 r.
995 2777 1027 2824 10
1041 2773 1070 2824 et

54 2841 142 2895 veluti
165 2838 352 2895 elefantiosus
371 2841 513 2897 scabiosos
534 2841 558 2896 si
576 2860 602 2910 q.
622 2789 687 2898 gu.
706 2841 733 2897 h.
755 2843 827 2909 eei,
855 2841 1003 2896 Scabiosos
1021 2856 1069 2893 ve-

54 2910 105 2965 lnti
124 2910 314 2966 elefanciosos
334 2911 358 2965 ei
377 2930 403 2981 q.
422 2912 441 2968 f.
461 2930 487 2968 u.
505 2913 533 2969 h.
552 2915 593 2982 B,
617 2912 647 2968 Si
670 2912 734 2982 quis
757 2913 829 2967 forte
852 2911 942 2966 veluti
965 2909 1069 2964 elefan-

54 2983 141 3038 tiosus
166 3000 194 3037 u.
214 2982 242 3038 h.
267 2984 291 3038 b.
327 2984 393 3038 baec
415 2999 466 3038 om.
485 3001 512 3051 r,
541 2987 589 3054 qut
611 2986 676 3039 baie
699 2985 755 3040 loeo
778 2985 863 3051 infert
886 2985 969 3051 (quae
991 2982 1071 3044 iufra

55 3057 152 3110 rectius
171 3054 254 3109 addit
272 3054 311 3122 b):
335 3056 365 3107 et
387 3053 485 3124 adipes
508 3053 598 3109 leonis
621 3072 686 3109 cum
707 3054 842 3109 titimallo
862 3055 891 3107 et
909 3050 1069 3106 cantarides

56 3126 81 3178 et
97 3125 188 3180 mirra
210 3123 281 3178 trita
303 3124 447 3179 commixti
469 3125 596 3196 impositi
614 3142 721 3196 ungues
740 3127 840 3180 mutat.
863 3125 929 3193 post
952 3137 1070 3203 quorum

57 3212 149 3250 casum
178 3196 212 3249 ut
236 3194 366 3250 meliores
394 3195 432 3267 [si
456 3214 527 3265 quos
554 3197 627 3252 forte
780 3203 812 3249 11
843 3195 929 3248 sicca:
964 3195 1071 3273 siccata

59 3266 129 3322 sicea
147 3285 171 3322 r.
264 3268 294 3321 et
312 3266 401 3337 (trita)
420 3269 518 3324 bGelc
538 3285 587 3324 om.
607 3269 662 3322 rB.
769 3271 801 3318 12
821 3265 897 3318 sicea
916 3264 976 3318 bB:
996 3280 1071 3317 s1cca

60 3341 134 3392 curat
152 3339 219 3393 add.
236 3337 295 3393 eet.
310 3340 374 3406 (aee.
390 3337 479 3393 siccas
497 3346 544 3394 etc.
558 3339 640 3394 tutet
652 3339 686 3405 e).
741 3350 828 3403 aeque
842 3335 886 3415 ΥΒ
895 3335 969 3416 Get:
983 3351 1034 3389 om.
1045 3336 1069 3391 b.

62 3413 89 3461 ta
106 3408 201 3478 lapati
216 3408 289 3464 Get:
309 3408 379 3462 -tii
396 3410 457 3478 rB,
477 3409 549 3464 -oii
563 3411 586 3464 b.
663 3411 695 3460 15
715 3408 744 3459 et
761 3405 855 3460 nuele1
872 3423 933 3474 pm1
950 3424 977 3474 p.
993 3407 1022 3459 et
1035 3407 1069 3461 tr.

61 3476 74 3530 i.
92 3495 200 3549 ungnes
222 3482 344 3535 mutant.
363 3481 430 3549 post
447 3496 565 3547 qnorum
583 3480 765 3547 casum—(p.
782 3482 831 3544 96,
845 3478 871 3544 4)
890 3476 1071 3547 imponuntur

64 3548 129 3605 del:
148 3568 200 3607 om.
219 3551 256 3608 B.
276 3551 466 3606 1111111111
484 3552 539 3619 (sed
557 3554 649 3621 aneta)
668 3553 750 3606 etiam
765 3551 795 3605 b:
814 3547 849 3602 N.
868 3548 929 3618 pini
945 3548 1069 3618 purgati.
