2392 3924
515 186 681 242 nocreue.
1039 187 1106 253 205

93 349 186 410 modis
209 348 405 430 appellamus,
433 369 508 429 quae
532 352 706 430 frequenter
732 361 896 430 procurant
920 356 1031 414 ventris
1055 373 1105 414 ex-

92 438 219 517 ponendi
239 441 421 520 suavitatem,
442 438 600 518 vaporibus
620 441 836 501 imminendum
855 448 902 502 est
920 460 1011 521 super
1031 461 1104 521 quos

92 527 258 588 sedentium
282 528 445 606 indignatio
470 531 644 607 saepissime
668 531 801 608 mitigata
825 536 878 590 est.
926 533 977 609 qui
1001 538 1051 591 aut
1069 549 1106 590 er

91 616 167 676 lacni
181 619 282 695 graeci
292 616 514 677 decoctionibus
526 624 576 677 aut
589 617 720 678 althaeae
735 617 885 679 radicibus
898 621 1104 680 conficiuntur.

91 723 156 765 nam
179 712 210 765 et
233 707 379 765 cerotario
403 705 459 766 hoo
482 707 655 784 frequenter
678 709 774 766 curati
797 714 882 788 sunt,
907 727 943 769 ex
967 707 1103 787 adipibus
1132 731 1145 771 5

91 796 237 854 anserinis
261 811 329 854 cera
353 802 383 854 et
405 793 520 873 butyro.
567 801 597 854 et
619 797 695 873 picis
718 794 837 855 brittiae
864 815 952 877 saepe
976 797 1106 857 sedenti-

91 882 144 943 bus
167 888 238 963 post
261 900 401 961 vaporem
424 883 546 961 lumigia
568 884 754 962 prosuerunt.
796 885 938 946 iniciendi
961 893 1031 946 sunt
1054 885 1106 946 ali-

91 972 207 1050 quando
232 970 298 1031 oleo
321 989 408 1031 roseo
432 971 478 1031 vel
504 978 635 1052 murteo,
662 979 693 1032 et
720 975 917 1033 incontinenti
944 973 1106 1034 lemniscus

91 1060 302 1139 supponendus
326 1066 372 1119 est
394 1062 426 1119 in
444 1059 588 1121 basilicon
609 1061 726 1121 inlusus
745 1068 795 1121 aut
820 1065 965 1122 cerotario
985 1081 1021 1122 ex
1041 1061 1105 1122 oleo

36 1166 38 1175 ¹
90 1149 241 1228 plumbato
269 1149 412 1209 conlecto.
458 1148 525 1208 lana
553 1151 668 1210 interea
696 1149 799 1210 sucida
827 1150 1105 1231 superimponenda,
1121 1175 1147 1215 10

91 1256 176 1316 quam
210 1237 389 1298 anadesmus
422 1255 458 1297 ex
490 1255 573 1298 more
607 1240 761 1298 continere
790 1237 919 1299 debebit.
965 1237 1107 1300 iuvabunt

91 1345 158 1387 saue
184 1329 275 1387 etiam
299 1325 417 1386 saccelli
439 1325 486 1386 vel
510 1326 718 1406 cataplasmata
741 1326 796 1388 sub
821 1328 926 1388 eodem
948 1327 1106 1388 anadesmo

90 1417 311 1493 perseverantia
335 1414 371 1474 de
395 1414 518 1494 dactylis
541 1417 573 1475 in
595 1434 683 1494 passo
711 1417 791 1476 tritis
820 1424 870 1476 aut
892 1417 998 1478 hordei
1020 1415 1106 1495 polli-

90 1504 175 1565 nlbus
210 1522 278 1565 cum
310 1503 445 1582 oxymeli.
500 1503 546 1564 lac
579 1503 724 1565 bubulum
761 1509 845 1584 potui
885 1505 984 1566 datum
1018 1507 1106 1565 iuvat.

159 1717 173 1763 1
200 1707 371 1779 exponendi:
392 1711 432 1765 sic
449 1710 526 1764 rVB
539 1712 585 1779 (=
599 1709 706 1764 ventris
730 1705 863 1781 egerendi
887 1711 1105 1765 delectationem

92 1781 160 1836 Cael.
181 1781 239 1836 etr.
253 1785 281 1849 4,
294 1782 350 1849 87),
370 1780 529 1850 deponendi
548 1781 606 1837 aet.
622 1783 683 1850 (ora.
704 1783 738 1850 b).
838 1787 854 1834 2
874 1781 1106 1852 vaporibus-in·

90 1851 218 1922 dignatio
240 1850 297 1906 Get.
317 1858 343 1906 et
360 1853 419 1920 (aot
437 1854 476 1906 sie
493 1851 646 1921 vaporibus
665 1851 867 1907 imminendum.
887 1854 916 1907 et
935 1869 1018 1923 super
1036 1867 1106 1920 quos

90 1923 214 1977 sedeant.
238 1923 307 1975 tunc
329 1921 500 1993 indignatio)
517 1941 545 1978 r:
569 1940 619 1977 om.
645 1924 708 1978 VB.
746 1925 811 1977 baec
829 1925 855 1976 si
870 1925 952 1978 babet
970 1925 997 1978 b:
1018 1922 1043 1975 si
1062 1938 1107 1976 oo-

89 1993 226 2048 nationes.
247 1993 298 2046 aut
309 1992 428 2062 pondus.
448 1995 499 2046 aut
513 1992 593 2047 dolor
605 1992 828 2062 perseveraverit
846 2009 916 2061 quas
935 1993 1104 2047 thenasmon

89 2063 274 2135 appellamus.
301 2063 461 2133 Vaporibue
488 2063 683 2118 imminendum
705 2065 749 2116 eet
771 2063 788 2118 i.
813 2063 855 2132 (id
878 2065 931 2132 est)
955 2063 986 2116 in
1009 2062 1104 2116 calida

89 2136 236 2204 decoquee.
254 2133 364 2190 mirthe.
390 2133 495 2189 salicis.
517 2135 565 2190 vel
583 2135 656 2189 olive
675 2133 745 2188 folia
762 2133 867 2188 viridia
885 2150 1040 2205 superque
1061 2150 1103 2187 ee-

90 2207 188 2260 dentes
210 2203 371 2274 indignatio
393 2204 446 2259 illa
467 2205 618 2276 mitigatur
640 2205 658 2260 i.
682 2204 749 2259 fenu
771 2221 893 2273 grecum.
918 2206 947 2258 et
969 2204 1102 2261 euiscum.

88 2276 161 2331 Nam
180 2277 211 2330 et
229 2275 260 2328 in
281 2275 394 2346 tegulas
417 2277 578 2331 candentes.
602 2279 632 2330 et
649 2292 698 2330 eae
716 2275 746 2329 in
765 2276 849 2330 scafio
872 2275 961 2345 ponis.
986 2276 1016 2329 et
1038 2291 1103 2328 can-

88 2348 203 2402 tabrum
220 2361 305 2415 super
323 2347 456 2418 aspergis.
484 2349 513 2400 et
531 2347 600 2401 deeu
620 2364 651 2401 er
668 2349 781 2420 acptum
798 2346 841 2401 ita
859 2348 892 2400 ut
910 2362 993 2416 super
1010 2345 1104 2415 ipsum

88 2417 211 2473 halitum
229 2417 334 2472 sedeat.
363 2417 412 2486 qui
429 2418 546 2487 patitur.
604 2435 650 2472 am
669 2421 698 2472 et
716 2417 853 2474 cerotario
871 2417 925 2472 hoc
942 2417 1105 2486 frequenter

89 2489 179 2544 curati
199 2490 316 2544 eunt...
372 2493 388 2542 3
408 2491 458 2544 est.
478 2488 528 2557 qui
545 2489 597 2544 rV:
616 2491 690 2544 aunt.
710 2507 783 2559 quae
792 2491 828 2544 Β.
889 2489 978 2543 ehoe
991 2488 1102 2543 rVBb:

88 2577 136 2616 om.
158 2560 219 2616 Gal.
328 2566 344 2614 6
362 2559 479 2621 brittiae
503 2560 534 2629 V,
552 2559 660 2614 baioiae
677 2579 700 2629 r,
719 2561 808 2616 bricia
827 2563 842 2616 b
857 2560 929 2631 (pice
947 2559 1038 2615 bricia
1056 2560 1102 2629 B).

89 2647 170 2702 saepe
191 2629 368 2685 sedentibus:
387 2632 421 2698 cf.
437 2633 468 2687 b:
490 2649 518 2701 p.
537 2630 579 2687 br.
597 2630 719 2701 fumigia
741 2648 824 2702 super
846 2631 998 2685 catiemata
1021 2647 1104 2700 super

89 2700 254 2757 sedentibus
271 2701 342 2770 prof.
393 2705 409 2753 8
428 2699 579 2754 lemniacos
597 2702 828 2771 reciderimus
847 2704 886 2770 ὁ)
904 2701 1102 2768 luminicueV,

87 2771 229 2826 luminoso
248 2771 434 2841 (supponendi
453 2774 518 2825 sunt
529 2817 534 2827 .
547 2814 552 2827 .
565 2775 595 2840 ,1)
613 2773 648 2826 B.
740 2779 757 2826 9
775 2773 805 2826 in
822 2772 962 2827 basilicon
980 2772 1104 2827 infusam

87 2844 145 2912 (rte)
165 2841 305 2896 cerotario
324 2857 358 2896 ex
377 2841 439 2896 oleo
457 2841 606 2910 plumbato
625 2842 752 2897 confecto
772 2844 841 2912 Get,
859 2843 890 2896 in
908 2843 1048 2897 basilicon
1061 2859 1104 2897 re·

89 2913 198 2968 solutus
221 2913 308 2980 atque
334 2911 445 2966 infusus
473 2915 523 2966 aut
550 2912 688 2967 cerotario
717 2929 752 2967 ex
778 2914 840 2969 oleo
866 2912 1015 2983 plumbato
1038 2929 1103 2966 con-

87 2982 178 3038 fectus
203 3001 231 3051 r,
259 2981 290 3035 in
315 2981 456 3037 basilicon
482 2982 606 3037 infusam
630 2982 726 3052 (inlusi
749 2984 787 3054 B)
814 2983 951 3038 cerotario
979 2998 1013 3036 ex
1041 2983 1103 3036 oleo

87 3054 220 3124 plumbeo
235 3052 362 3107 confecto
371 3054 490 3123 (-feeto
505 3054 544 3123 V)
559 3053 615 3108 VB
624 3054 668 3122 (ef.
683 3054 812 3123 Eecolap.
826 3071 848 3109 c.
857 3057 911 3124 30).
970 3058 1003 3106 10
1012 3053 1104 3121 plum·

87 3124 155 3179 bato
174 3124 261 3179 rGel.
280 3122 424 3192 (plumbeo
448 3124 526 3194 ΡΒ)
545 3125 580 3190 cf.
602 3124 665 3178 Gal.
680 3125 756 3192 XII,
770 3129 835 3180 231.
931 3123 1103 3193 superimpo-

87 3195 181 3250 nenda
195 3195 232 3250 rb
243 3194 315 3250 eota
335 3194 589 3265 suproimponendo
605 3195 636 3262 V,
651 3193 904 3264 superimponendo
918 3194 946 3247 B
960 3196 1020 3264 (qai
1033 3210 1102 3249 corr.

87 3265 183 3320 lanam
201 3267 270 3334 etc).
322 3270 354 3318 11
369 3281 455 3334 quam
469 3264 632 3317 anadismus
641 3267 691 3333 (cic
705 3265 770 3334 VB)
784 3280 819 3318 ex
832 3282 868 3320 m.
884 3281 906 3319 c.
922 3263 949 3320 d.
962 3265 1018 3319 VB
1029 3264 1102 3320 ceta

86 3338 246 3464 aet-<a
262 3333 706 3463 deraemistae
722 3336 854 3475 iliata
867 3336 972 3458 litam
985 3335 1103 3460 daut

87 3476 224 3532 umbilico
246 3474 412 3547 impositum
429 3484 477 3533 etc.
501 3478 564 3532 VB.
589 3478 718 3533 lactatam
735 3477 824 3546 explet
848 3493 882 3531 ea
900 3476 958 3532 cod.
981 3492 1030 3532 ouo
1051 3476 1102 3532 Ge·

87 3548 176 3604 lentur
187 3549 282 3618 aab,
305 3548 357 3603 edi
374 3549 426 3604 cic:
445 3547 524 3602 olera
542 3547 668 3604 discocta
691 3548 736 3620 (de
758 3545 887 3602 caulibus
909 3548 974 3603 edd.
993 3549 1020 3618 ὁ)
1038 3563 1103 3602 con-
