2392 3924
127 178 148 242 2
436 183 626 234 THEODORI
643 183 822 234 PRISCIANI

126 347 236 406 randae
265 346 535 426 custodiendaeque
564 345 722 407 obveniant
754 348 818 425 opis
851 353 974 407 naturae
1002 347 1145 428 remedia,

127 436 261 495 nuncin
288 443 369 496 tuam
397 437 521 513 gratiam
544 442 646 495 nostro
675 454 812 496 sermone
842 434 967 515 digessi,
994 453 1055 495 non
1078 437 1144 496 sine

127 523 210 584 lucro
230 523 324 584 lamae
348 531 381 583 ut
399 522 534 583 arbitror.
575 525 714 584 ellectum
737 526 866 584 enimin
887 531 1014 602 utroque
1033 543 1145 603 genere

128 631 203 691 opus
226 620 286 672 tam
309 612 411 691 plures
434 618 526 673 testes
550 612 670 673 habehit
693 631 782 692 quam
804 613 927 673 iudices.

98 839 112 880 s
625 824 647 884 Ι.

96 929 118 994 2
217 933 249 993 si
272 932 451 992 medicinam
473 933 573 991 minus
597 931 706 991 eruditi
729 950 763 991 ac
786 933 892 992 rustici
914 932 1064 1014 homines,
1092 951 1144 993 na·

127 1030 194 1083 tura
210 1028 323 1082 tantum
337 1022 465 1100 conscia,
479 1039 539 1087 non
553 1020 748 1101 philosophia,
762 1028 967 1102 occupassent,
980 1029 1012 1081 et
1024 1021 1144 1082 leviori·

127 1111 183 1171 hus
211 1109 430 1189 aegritudinum
454 1109 649 1169 incommodis
672 1127 860 1188 versaremur,
888 1116 918 1168 et
941 1109 1074 1170 faciliora
1097 1129 1167 1170 re·-

126 1200 225 1260 mcdia
244 1204 430 1277 caperentur.
465 1196 518 1257 scd
536 1198 608 1257 haec
628 1199 674 1257 via
692 1197 728 1257 ah
752 1197 811 1257 illis
830 1199 939 1257 omissa
963 1206 1010 1259 est
1032 1198 1143 1278 quihus
1160 1190 1176 1243 ss

87 1309 113 1349 ro
128 1287 280 1349 scribendi
297 1306 331 1346 ac
350 1286 522 1365 disputandi
541 1285 633 1364 gloria
651 1288 746 1346 maior
764 1287 828 1346 luit.
870 1304 938 1346 nam
957 1289 1035 1347 scire
1054 1286 1143 1348 velim

127 1379 180 1457 qui
203 1377 269 1437 tieri
292 1376 387 1454 possit
410 1381 456 1455 ut,
479 1393 547 1434 cum
570 1382 621 1435 aut
643 1383 758 1436 rectum
782 1377 822 1435 sit
844 1375 974 1454 quidque
998 1384 1050 1436 aut
1073 1394 1143 1436 con·

126 1467 271 1545 trarium,
308 1470 360 1523 aut
395 1461 513 1522 salubre
551 1472 602 1523 aut
633 1464 871 1544 incommodum,
907 1464 1032 1524 huiusce
1070 1466 1143 1525 artis

127 1559 328 1632 repugnantes
361 1551 529 1629 diversique
562 1552 747 1631 professores
785 1554 948 1612 sententias
980 1571 1050 1613 suas
1083 1556 1142 1614 sin-

127 1641 190 1722 guli
213 1658 331 1702 serrare
360 1647 513 1700 conentur.
565 1643 690 1702 iactatur
717 1659 806 1719 aeger
832 1659 938 1719 magna
965 1648 1142 1721 tempestate

87 1752 114 1794 rs
127 1730 233 1791 morhi.
278 1737 349 1790 tuuc
376 1731 472 1788 nostri
504 1729 620 1808 collegii
647 1737 764 1790 caterva
797 1731 961 1810 concurrit,
987 1737 1061 1792 tunc
1088 1748 1142 1792 nos

125 1838 186 1880 non
208 1819 364 1898 pereuntis
387 1819 539 1877 miseratio
567 1819 713 1900 possidet,
741 1836 797 1878 uec
824 1821 990 1879 communis
1019 1828 1141 1881 naturae

199 2069 211 2114 1
233 2059 473 2133 custodiendgque
492 2061 552 2115 Br:
572 2058 823 2128 constituendaque
842 2061 857 2114 b
876 2060 992 2128 (daque
1010 2060 1089 2130 on).

125 2130 281 2187 obveniunt
298 2133 346 2199 rh,
368 2132 453 2185 -snt
470 2147 486 2186 c
505 2131 577 2186 Get:
605 2129 775 2184 convenient
793 2131 828 2185 Β.
936 2129 999 2200 opis
1021 2133 1140 2186 naturae

124 2205 215 2270 (corr.)
230 2203 298 2268 cer..
317 2218 387 2271 opus
402 2201 473 2272 rop9)
491 2203 593 2256 nature
608 2203 644 2256 rh
653 2204 700 2270 (c):
720 2200 852 2255 ordinato
863 2201 901 2256 Β.
964 2207 981 2254 3
996 2201 1140 2258 effectum

123 2275 165 2328 sic
183 2273 292 2395 Mi)
313 2274 371 2328 Gel.
471 2272 560 2328 Ruhr.
579 2271 715 2342 Prologus
734 2274 750 2327 b
769 2271 904 2342 (Explicit
920 2271 1079 2342 Prephscio
1096 2274 1140 2327 In·

125 2342 196 2413 cipit-
212 2359 264 2412 pro
276 2359 347 2412 ogus
364 2346 403 2411 ο),
420 2342 526 2412 Incipit
542 2342 682 2413 praelatio
702 2343 794 2412 operis
813 2345 853 2411 Β,
872 2346 932 2398 sinc
953 2346 1031 2399 rubr.
1049 2362 1067 2399 r
1083 2345 1141 2414 (sthi

124 2414 161 2468 nl.
177 2431 210 2468 rs.
230 2415 262 2467 in
279 2431 365 2484 toury.
384 2412 417 2470 G.
437 2413 521 2468 Liber
539 2416 649 2483 aestus).
706 2419 723 2467 6
741 2414 883 2468 medicina
897 2457 904 2468 .
916 2457 940 2469 ..
954 2416 1141 2485 occupassent

125 2486 216 2608 z-set·
233 2485 259 2538 ot
279 2485 314 2538 rh
324 2487 358 2553 rc)
378 2484 451 2541 Gela
469 2483 611 2539 merlirius
680 2484 812 2554 occupati
830 2487 925 2539 esseut
942 2486 978 2539 B.
1107 2502 1140 2540 ac

124 2576 135 2623 r
155 2571 189 2609 sc
208 2557 246 2621 r):
266 2556 296 2609 et
315 2555 373 2610 Gcl.
434 2562 449 2611 ἵ
469 2554 583 2610 conscie
601 2556 695 2625 riteh
714 2555 820 2610 conscii
837 2557 874 2624 Β,
893 2556 1069 2612 conscientie
1082 2558 1140 2613 ess.

123 2641 181 2680 uon
198 2624 381 2696 philosophis
394 2626 468 2697 h(c):
486 2642 544 2683 uun
559 2628 672 2681 tuntum
689 2626 852 2697 philosophi
864 2646 880 2682 r
891 2628 959 2696 Get,
977 2645 1036 2682 uou
1053 2627 1140 2682 etiam

123 2695 306 2767 philosophis
323 2698 360 2751 Β.
451 2700 480 2751 et
498 2698 593 2767 roccis
611 2696 642 2751 iu
659 2698 697 2763 Β,
715 2714 765 2753 our.
786 2699 845 2754 θεῖ.
941 2704 958 2752 8
975 2715 1141 2754 vexaremur

125 2767 172 2823 rB
183 2768 255 2823 Gela
277 2770 407 2822 -reutur
425 2769 448 2823 h.
526 2770 556 2823 st
573 2766 795 2837 neuton-not
815 2768 887 2823 scire
904 2768 992 2824 velim
1009 2786 1063 2826 om.
1081 2771 1139 2826 Gal.

124 2842 142 2892 9
160 2840 328 2908 cuperentur
346 2840 393 2895 rh:
412 2841 581 2920 cuperentur
598 2841 635 2894 Β.
691 2846 725 2895 10
743 2839 907 2908 eloquentis
924 2843 986 2909 (sic)
1004 2839 1138 2896 studiosis

122 2909 170 2966 hic
186 2911 267 2965 nddit
284 2909 313 2964 Β
332 2916 406 2979 umet
423 2909 506 2966 furo:
525 2926 576 2965 ost.
595 2912 686 2981 ricc).
763 2911 849 2965 velim
867 2914 942 2980 h(c):
960 2911 1066 2966 vellem
1083 2913 1138 2967 Br.

124 2987 157 3036 11
177 2979 228 3050 qui
246 2980 286 3036 B:
305 2980 322 3049 d
343 2981 439 3051 equod)
458 2982 474 3036 h
493 2983 560 3041 Grl..
578 2981 648 3051 quid
667 2984 734 3051 r(c).
866 2984 941 3036 ut-
952 2981 991 3036 sit
1008 2999 1060 3039 ost.
1080 3002 1103 3039 r.

122 3054 232 3107 rectum
249 3052 289 3107 B:
313 3055 421 3106 cenum
440 3053 488 3117 hc,
510 3069 561 3108 on.
582 3054 642 3109 Gal.
665 3054 726 3122 ruhi
747 3070 812 3107 cum
833 3055 884 3107 sut
906 3053 1081 3108 contrarium
1101 3053 1139 3108 sit

123 3123 211 3192 quilii.
283 3122 322 3177 sit
335 3131 400 3194 ped
416 3122 625 3178 incommodum
643 3124 679 3179 Β.
734 3124 859 3194 quidque
878 3127 970 3194 rh(c):
988 3125 1061 3193 quid
1081 3125 1138 3182 oet.

124 3200 157 3247 1⁸2
176 3193 306 3249 huiusce:
323 3197 365 3250 sic
382 3194 484 3263 Boni,
503 3194 641 3265 huiusque
655 3196 725 3255 cu..
743 3194 938 3250 huiuscemodi
952 3215 974 3249 r.
1050 3201 1084 3251 1³
1096 3211 1138 3250 re·

123 3265 278 3336 pugnantis
287 3267 304 3321 h
314 3269 348 3335 rel
359 3284 381 3322 r.
431 3265 591 3336 discumque
605 3268 621 3322 h
633 3267 701 3333 cu,
720 3266 896 3336 diversisque
908 3285 937 3322 r:
951 3267 1138 3322 diversormn-

123 3352 178 3403 que
197 3337 233 3389 Β.
368 3335 524 3394 sententies
543 3354 610 3392 suus
628 3339 684 3407 hlei
694 3339 753 3392 (iel.
773 3354 850 3407 esuis
868 3355 919 3394 on.
938 3341 976 3407 ri:
995 3337 1138 3394 sententis

124 3422 175 3460 suu
193 3406 230 3461 Β.
286 3406 390 3477 singuli
408 3409 518 3464 Mel:
536 3426 587 3465 oue
606 3410 668 3477 hiel
677 3427 700 3464 r.
756 3415 791 3463 11
808 3408 932 3463 iactatur
948 3411 998 3464 ir:
1016 3410 1139 3466 isctelur

122 3477 152 3531 B
172 3476 230 3559 iifl.
304 3483 337 3531 16
357 3496 414 3534 uon
432 3482 492 3561 hg‘
512 3480 583 3535 ml:
601 3496 654 3536 osu
672 3479 728 3536 rB.
820 3499 849 3552 p.
867 3479 1014 3536 miseratio
1032 3483 1095 3552 h(c)
1110 3497 1137 3537 r:

122 3566 151 3619 p.
169 3548 284 3603 miratio
302 3548 331 3603 Β
352 3549 477 3619 periculi
494 3551 569 3606 ratio
588 3550 667 3607 Geth
