2392 3922
128 151 170 215 12
439 152 630 204 THEODORI
647 151 827 203 PRISCIANI

128 336 199 378 suco
232 318 334 396 aequis
361 315 544 397 ponderibus
573 317 676 376 mixtis
708 314 772 376 loca
799 317 955 393 continges
984 321 1016 376 et
1048 316 1150 396 capilli

128 406 233 466 cadent
259 423 422 484 numquam
449 404 576 465 ulterius
603 406 722 465 exituri.
764 405 878 464 cicutae
904 402 1016 464 herbae
1041 423 1148 467 sucum

128 512 196 555 cum
224 513 299 574 aqua
327 494 486 572 diligenter
515 496 659 554 contritae
690 491 799 553 evulsis
823 511 858 552 er
883 491 979 553 oculis
1002 491 1072 576 pilis
1096 494 1148 555 ad-

127 582 215 643 hibeo
239 582 344 643 diebus
368 582 478 663 tribus,
506 588 535 642 et
567 581 694 642 ulterius
722 599 782 641 non
814 588 984 642 nascentur.
1030 584 1150 645 cimicis¹

101 673 271 750 ssanguiue
289 690 377 751 quam
391 672 519 731 maxime
538 670 715 730 mulieribus
728 669 793 730 loca
807 672 971 749 continges.
1002 673 1148 751 vesperti-¹

127 758 222 820 liones
250 778 338 839 quam
368 759 470 839 plures
492 761 575 819 vivos
602 761 786 837 accipisset
814 776 865 818 eos
888 761 920 819 in
948 777 999 819 vas
1028 760 1149 822 cedriac

127 849 267 908 infundes
295 849 436 927 quamdiu
466 849 620 927 putrefieri
646 849 775 927 possint,
808 853 838 906 et
865 865 902 908 ex
929 865 965 908 eo
992 855 1149 927 unguento

128 935 192 997 locu
216 939 370 1016 continges
394 955 469 1016 quae
489 956 506 997 a
524 937 593 1016 pilis
617 953 735 1014 semper
757 938 893 996 inmunia
916 954 983 997 esse
1007 937 1147 1000 volueris.

128 1028 255 1104 agrestis
283 1028 397 1086 urticae
426 1028 539 1086 semine
568 1043 636 1085 cum
664 1024 729 1084 oleo
754 1026 881 1084 contrito
909 1023 973 1085 loca
997 1029 1148 1105 continge.

88 1135 115 1175 ιο
128 1117 193 1194 pini
225 1114 340 1175 arboris
372 1133 491 1193 campas
523 1116 652 1193 accipies
680 1120 710 1173 et
740 1131 808 1173 cum
835 1112 922 1172 melle
951 1121 1091 1175 conteres
1119 1122 1149 1177 et

129 1222 265 1283 repones.
311 1221 379 1263 cum
402 1221 472 1262 vero
496 1205 541 1262 uti
563 1202 637 1262 velle
662 1203 807 1282 coeperis,
829 1201 893 1262 loca
912 1202 1103 1264 confricabis.
1138 1270 1143 1283 ¹

77 1365 118 1429 12
454 1361 486 1423 V.
509 1360 555 1421 De
578 1361 813 1439 pediculosis.

218 1466 337 1527 Stafidis
352 1468 451 1545 agriae
470 1469 574 1527 uncias
593 1467 628 1548 11,
643 1460 819 1528 sandaracae
838 1465 924 1528 uncl
947 1485 1016 1528 cum
1031 1467 1099 1529 oleo
1119 1477 1151 1532 et

129 1563 212 1616 aceto
236 1561 382 1634 conteres,
406 1561 436 1615 et
459 1573 546 1616 omne
570 1574 679 1634 corpus
702 1574 881 1635 perungues.
928 1559 972 1616 sic
995 1575 1048 1636 ges
1068 1564 1152 1619 aster

88 1659 114 1701 u
129 1651 159 1704 et
177 1646 290 1705 nitrum
309 1661 377 1704 cum
397 1643 461 1704 oleo
482 1645 560 1704 lacit.
597 1645 665 1704 lolia
683 1647 819 1705 tamarici
832 1647 864 1705 in
880 1664 956 1723 aqua
974 1644 1153 1730 bulliantur,

129 1740 219 1794 etex
248 1751 282 1792 ea
310 1732 483 1793 decoctione
512 1733 657 1794 fricentur
680 1729 736 1813 <in
761 1734 848 1793 domo
873 1740 923 1793 unt
950 1735 981 1793 in
1009 1733 1151 1815 balneo).

201 1955 327 2011 lmixiis
343 1958 392 2012 br:
410 1955 550 2012 mixtoB.
597 1955 786 2027 contingobr.
829 1958 1152 2018 aetn.u.exeunoer.

129 2032 146 2080 3
165 2027 317 2082 contritum
335 2030 394 2097 (sic)
413 2030 473 2084 Br:
492 2027 612 2082 mixtum
630 2028 653 2082 b.
727 2026 849 2081 adhibeo
868 2029 908 2082 B:
929 2027 1034 2083 adhibe
1053 2031 1098 2086 br.

129 2103 145 2151 5
164 2098 330 2154 mulieribus
349 2116 435 2168 quam
453 2099 576 2154 maxime
596 2101 639 2155 br.
713 2097 877 2167 contingens
897 2101 955 2168 (sic)
974 2101 1016 2156 B:
1036 2116 1109 2170 —ge
1123 2101 1151 2171 b,

129 2169 209 2238 —git
226 2189 249 2225 r.
355 2176 370 2224 6
390 2171 588 2241 quamplures
607 2172 647 2226 B:
665 2169 801 2239 plurimos
820 2171 836 2224 b
855 2170 995 2238 (πλείστας
1014 2172 1060 2226 Ps.
1083 2172 1150 2228 Gal.

129 2240 147 2294 l.
166 2243 208 2308 c),
227 2241 321 2309 plures
340 2259 362 2296 r.
401 2241 526 2311 accipias
541 2286 547 2298 .
560 2285 565 2296 .
578 2286 583 2297 .
598 2241 731 2295 infundas
742 2242 769 2296 B
780 2242 832 2310 (-es
842 2242 899 2310 br).
949 2240 980 2294 in
989 2257 1041 2296 vas
1051 2244 1114 2311 (vas
1123 2261 1150 2314 r,

126 2309 184 2362 iius
195 2311 221 2379 b)
231 2309 343 2364 cedriae
353 2312 393 2365 B:
414 2307 445 2365 ἐν
460 2312 592 2384 ἀσφάλτῳ
606 2330 646 2381 pr.
743 2316 758 2364 l
773 2310 900 2379 quandiu
910 2313 958 2368 br:
974 2311 1082 2380 quadiu
1096 2313 1151 2371 illo

128 2380 254 2448 tempore
273 2381 309 2434 B.
364 2383 508 2450 unguento
527 2384 575 2437 br:
595 2398 645 2435 om.
665 2383 700 2436 B.
756 2387 772 2436 8
793 2381 941 2452 contingas
959 2385 996 2452 B,
1016 2400 1089 2466 —ge
1104 2385 1151 2447 br,

129 2466 146 2503 a
165 2449 276 2518 capillis
295 2466 404 2519 sempor
427 2451 564 2505 immunia
577 2453 619 2519 B,
641 2450 769 2506 inmunia
788 2452 930 2522 (immunis
944 2455 968 2523 r)
984 2453 1083 2524 apihs
1099 2457 1150 2511 br.

101 2541 102 2545 ¹
128 2525 145 2573 9
165 2520 285 2590 agrestis
309 2520 416 2575 urticae
436 2524 472 2590 (11.
493 2539 517 2577 a.
538 2523 596 2591 br):
624 2524 723 2591 κνίδης
746 2522 917 2594 &potumque
935 2525 981 2579 Pe.
1003 2526 1067 2581 Gal.
1087 2527 1106 2581 l.
1126 2543 1151 2582 ο.

129 2596 163 2644 10
182 2607 297 2660 campas
316 2592 354 2647 B:
376 2608 484 2646 vermes
503 2591 574 2675 stis
592 2595 617 2662 r)
636 2610 707 2661 quos
726 2596 807 2664 (quus
826 2600 851 2667 r)
869 2594 973 2649 modici
988 2598 1016 2665 (i)
1031 2612 1150 2720 campus

129 2660 275 2730 appellant
294 2663 336 2717 br.
451 2679 572 2733 acc1pres
591 2671 638 2719 etc.
658 2667 699 2722 B:
719 2667 841 2722 conteris
860 2684 924 2722 cum
942 2665 1075 2721 melleet
1114 2683 1150 2722 oc

128 2732 191 2786 loca
211 2730 342 2801 continge
362 2732 432 2800 (—is
450 2736 475 2804 r)
494 2736 537 2790 br.
594 2740 627 2788 12
646 2736 688 2791 De
707 2739 887 2808 peduculosis
900 2737 935 2793 V.
954 2739 991 2806 Β,
1011 2737 1053 2792 De
1066 2737 1150 2807 pedi·

128 2801 200 2857 culis
220 2804 243 2872 b,
269 2803 310 2856 De
333 2804 480 2873 peduculis
499 2824 525 2875 c,
545 2823 626 2862 cour
645 2810 704 2878 (qui
722 2812 804 2865 initio
823 2812 910 2865 adscr.
930 2808 1041 2863 Pulices
1060 2810 1090 2863 ot
1109 2808 1149 2863 ci-

128 2874 223 2930 mices.
244 2874 419 2944 stafisagrias
438 2879 496 2946 etc.)
619 2884 653 2932 13
672 2879 831 2948 stufisogrip
850 2879 941 2934 unciis
960 2880 994 2935 Π.
1013 2880 1050 2949 Β,
1069 2880 1149 2934 stuli-

129 2946 224 3016 sagria
247 2948 329 3014 (—es
348 2949 373 3016 r)
392 2947 479 3004 ÷11.
499 2950 536 3004 br
559 2950 604 3018 (cs.
626 2950 698 3006 Cass.
719 2968 740 3006 e.
755 2955 780 3004 3.
804 2949 851 3004 Ps.
873 2949 937 3004 Gal.
958 2951 1042 3018 XIV,
1069 2953 1146 3022 323).

128 3036 163 3073 eo
183 3019 233 3073 Tb.
252 3019 339 3073 Prisc.
358 3020 417 3072 cuis
440 3021 558 3076 emeruit
581 3023 674 3076 eodem
692 3023 763 3089 (cum
775 3036 800 3074 v.
815 3020 833 3073 l.
850 3020 895 3088 br)
910 3021 992 3076 Ales.
1011 3024 1147 3092 interpres

130 3090 177 3144 lut.
197 3095 224 3157 1,
243 3091 451 3159 14‚(quceuon
469 3097 565 3146 extum
582 3095 615 3147 in
631 3092 758 3162 prmus).
864 3095 899 3143 14
918 3093 998 3145 noeto
1018 3095 1146 3148 conteres

128 3159 199 3227 (-is
222 3163 247 3231 r)
272 3160 301 3214 ol
320 3204 325 3215 .
343 3204 348 3215 .
365 3204 370 3214 .
389 3177 514 3231 perunge
533 3164 635 3233 (-gue
653 3164 678 3233 r)
701 3162 749 3216 br:
777 3174 842 3212 cum
864 3161 1037 3218 contriveris.
1065 3179 1148 3232 omne

128 3246 151 3309 ⁰:
170 3230 384 3312 perungendum
403 3233 446 3286 est
462 3235 498 3288 B.
594 3232 635 3287 sie
652 3232 817 3310 geraateros⁸
828 3232 869 3286 Be
889 3232 929 3286 sic
947 3232 1007 3314 iera
1025 3236 1100 3289 teres
1121 3237 1145 3304 b,

128 3303 346 3438 tetecum
449 3305 584 3444 ttius
605 3306 634 3358 0*
651 3300 1147 3437 licitationum

129 3441 173 3509 (cf.
193 3445 218 3508 2,
238 3443 291 3510 82),
311 3460 392 3498 -ces
411 3445 430 3500 f.
451 3463 472 3500 r.
594 3442 718 3498 bulliunt
734 3443 774 3497 B:
795 3441 954 3498 debulliant
972 3446 996 3514 b,
1017 3449 1103 3500 -unt
1121 3466 1144 3503 r.

129 3518 163 3566 16
182 3509 314 3565 indomo
335 3515 478 3571 cutinb.
499 3517 563 3571 add.
583 3516 626 3571 br.
