2384 3930
322 179 552 233 EUPORISTON
569 180 827 235 FAENOMENON.
1042 179 1085 244 93

64 342 214 422 plasmate
242 343 374 405 adhibita
400 345 586 423 profuerunt.
633 347 676 405 sic
700 344 792 423 gallae
816 364 883 407 cum
909 352 992 406 aceto
1016 365 1086 406 con-

66 433 168 513 tritae,
191 433 236 492 sic
259 434 321 493 vini
344 432 442 493 faeces
466 434 622 512 impositae
646 441 832 494 curaverunt.

160 519 270 599 quibus
293 538 363 581 vero
387 523 447 581 iam
473 523 683 603 vesicaveriut‚
710 522 828 582 rafanos
856 522 963 584 tundes
992 531 1022 584 et
1051 521 1140 587 0188

66 626 176 668 eorum
195 627 266 669 suco
280 612 389 689 pinnae
402 609 568 689 proderunt
584 609 747 671 linimenta.
771 617 801 671 et
815 611 972 672 lenticulae
987 619 1087 672 coctae

67 705 99 757 et
123 699 213 757 tritae
238 697 415 778 cataplasma
438 699 580 777 proderit.
627 700 791 760 etcaduca
822 699 1029 779 maligranati
1056 703 1087 760 in
1115 713 1128 754 ὁ

67 785 176 845 calidis
209 786 362 847 cineribus
392 788 538 865 tepefacta
566 794 596 847 et
622 789 692 847 trita
720 788 849 849 adhibita
877 797 1087 850 convenerunt.

67 876 115 934 sic
138 876 230 935 etiam
254 874 337 936 scilla
361 883 444 936 cocta
467 875 606 936 similiter
628 879 756 937 contrita
779 879 920 938 contiuno
939 879 1058 956 proluit.

160 962 271 1042 (paribus
298 982 369 1024 vcro
398 971 428 1024 et
456 966 628 1043 crepuerint
654 971 684 1024 et
711 965 858 1027 vulnerati
884 967 1007 1047 fuerint,
1040 967 1087 1027 his

69 1069 178 1131 spuma
210 1055 327 1131 argenti
357 1054 428 1113 trita
460 1055 553 1113 mixto
581 1052 668 1132 adipe
695 1056 817 1132 porcino
845 1072 899 1133 pro
928 1054 1087 1133 emplastro

70 1141 184 1220 apponi
202 1140 299 1201 debet.
337 1144 380 1202 sic
399 1142 502 1220 adipes
525 1144 657 1202 anserini
676 1161 744 1203 cum
762 1161 830 1203 cera
849 1162 885 1203 ex
904 1142 969 1204 oleo
988 1142 1087 1222 tepido
1104 1157 1128 1197 10

70 1228 236 1290 adhibendi
259 1237 338 1291 sunt.
380 1238 410 1290 et
433 1230 531 1291 coclea
555 1249 624 1291 cum
646 1238 722 1291 testa
746 1230 900 1292 combusta
918 1239 948 1291 et
969 1233 1039 1291 trita
1059 1239 1089 1291 et

70 1320 103 1378 in
133 1317 287 1396 pulverem
315 1319 434 1379 redacta
458 1321 486 1379 si
512 1327 687 1397 aspergatur
710 1322 850 1380 contiuuo
874 1320 1017 1380 medetur.
1059 1327 1089 1380 et

68 1424 176 1466 ervum
204 1409 236 1466 in
258 1409 327 1468 vino
352 1414 469 1468 coctum
497 1410 657 1468 contritum
685 1427 753 1469 cum
781 1411 926 1469 cerotario
951 1409 1089 1469 simfliter

69 1501 165 1554 curat.

157 1652 286 1714 XXXIII.
322 1653 369 1714 De
393 1655 551 1733 ragadiis
574 1654 701 1733 pedum
724 1655 778 1716 vel
802 1656 1005 1735 digitorum.
1104 1670 1129 1709 15

164 1759 276 1821 Omnes
296 1760 464 1840 crepidines
478 1763 511 1820 in
530 1760 674 1822 calcaneis
688 1763 740 1841 pix
757 1761 869 1841 quuida
888 1762 1004 1823 inlinita
1022 1780 1089 1841 per·
1101 1758 1142 1823 89

70 1854 167 1909 curat.
206 1855 236 1909 et
259 1866 365 1927 spuma
392 1851 508 1927 argenti
534 1868 601 1909 cum
625 1868 746 1911 cerussa
769 1858 799 1910 et
822 1850 938 1911 alumen
963 1853 1090 1911 scissum

70 1956 108 1998 er
132 1954 229 2015 aequo
249 1943 407 1998 contusum
426 1944 456 1998 et
474 1940 543 1998 vino
562 1939 688 1998 mixtum
711 1938 879 1999 medebitur
898 1939 1044 1999 similiter.

165 2025 275 2104 quibus
302 2044 373 2085 vero
402 2025 507 2086 clavuli
536 2026 725 2088 inhaerentes
757 2027 924 2087 molestiam
956 2027 1090 2107 fecerint,

69 2115 154 2175 lerro
178 2113 284 2174 subtili
306 2113 371 2174 loca
393 2121 461 2175 ante
484 2114 637 2194 purganda
661 2123 730 2175 sunt
753 2122 783 2176 et
805 2114 998 2175 melanthium
1022 2133 1090 2174 cum
1104 2129 1129 2168 eo

144 2269 161 2318 2
181 2268 353 2320 curaverunt
370 2267 398 2321 Β
412 2268 515 2336 (-ref
528 2270 565 2337 r):
586 2284 686 2322 —vere
706 2268 764 2323 Get.
780 2269 871 2336 (curat
890 2270 924 2336 b).
1010 2272 1026 2319 3
1045 2283 1089 2320 re-

69 2336 155 2390 fanoa
175 2336 247 2404 eet,
264 2337 364 2391 rafano
374 2336 409 2410 <s
424 2339 481 2394 add
499 2339 590 2410 corr.)
604 2340 632 2393 Β
646 2341 722 2408 (suco
741 2338 834 2394 refani
852 2338 934 2400 linies
948 2339 1038 2407 simpl.
1055 2339 1089 2408 b).

70 2413 89 2460 4
105 2405 214 2478 pinnae
234 2406 303 2476 ece,
321 2424 412 2478 penne
430 2428 457 2464 r:
476 2409 548 2465 bene
567 2411 640 2479 Bp).
734 2410 876 2463 beaduee
894 2409 1091 2480 malogronata

73 2520 115 2534 ...
130 2477 277 2548 tepefacta
291 2485 338 2534 etc.
353 2479 382 2533 Β
387 2502 393 2534 :
414 2480 514 2534 caduci
527 2479 597 2534 meli
615 2480 728 2550 granati
737 2525 742 2536 .
752 2480 912 2550 ..tepefacti
926 2488 971 2535 ete.
987 2481 1090 2536 rbGel.

72 2549 130 2616 (aed
149 2547 281 2603 adhibito
296 2566 364 2605 corr.
379 2552 412 2619 r).
468 2557 484 2604 6
499 2553 690 2605 convenerunt
702 2553 762 2607 rB:
782 2551 875 2605 -rint
889 2553 947 2607 Get.
962 2552 999 2620 (b.
1010 2563 1046 2611 ÷
1056 2553 1090 2620 b).

73 2618 181 2674 ‘Iscilla
192 2619 266 2676 oeta
277 2619 382 2688 aquilla
394 2622 472 2676 er.
528 2621 659 2676 simililer
672 2622 794 2677 contrita
804 2622 1003 2692 continuolee.
1015 2622 1090 2676 simi-

71 2688 140 2744 liter
156 2693 259 2746 iterum
277 2692 316 2760 Β)
333 2692 393 2747 rB:
413 2691 544 2746 adhibita
562 2692 631 2747 trita
650 2693 782 2747 continuo
798 2695 856 2750 θεῖ.
866 2697 958 2763 (cocto
977 2696 1005 2747 et
1022 2693 1091 2747 trita

71 2761 161 2830 prode
180 2764 225 2816 est
241 2763 275 2830 b).
332 2767 384 2818 ὃν.
400 2764 429 2817 et
443 2767 610 2834 crepuerunt
625 2765 681 2833 eB,
695 2783 721 2818 v.
732 2765 890 2834 crepuerint
904 2767 920 2820 b
932 2765 990 2820 ee.
1031 2765 1091 2818 vul-

70 2831 166 2886 nerati
188 2833 273 2887 er:
297 2833 417 2888 ulcerabi
435 2837 528 2903 (corn,
550 2842 583 2890 nt
604 2838 716 2904 seraper)
732 2837 789 2891 eet.
898 2835 942 2888 his
960 2835 1008 2889 rB
1020 2836 1091 2889 Get:

71 2920 123 2958 om.
140 2905 164 2959 b.
277 2909 311 2957 10
329 2903 426 2974 tepido
445 2907 482 2961 rb
494 2907 567 2961 Get:
587 2905 652 2959 —di
670 2907 706 2960 Β.
787 2911 818 2960 11
839 2906 932 2977 coclep
952 2922 1015 2958 cum
1034 2904 1091 2957 suis

69 2973 156 3028 testie
174 2980 223 3030 etc.
245 2975 269 3030 b.
342 2974 412 3029 trite
430 2975 615 3046 impulrerem
627 2978 685 3032 red.
700 2995 716 3031 r
729 2979 790 3045 (om.
806 2980 852 3046 et).
909 2982 940 3028 12
957 2975 981 3028 si
994 2993 1009 3029 r
1020 2975 1091 3030 Get:

71 3043 114 3098 sic
134 3045 162 3099 Β
177 3046 239 3114 (ubi
256 3063 284 3114 p.
304 3062 435 3115 aspersus
508 3049 542 3116 b).
638 3053 672 3102 13
691 3046 844 3102 contritum
862 3064 885 3102 c.
905 3062 927 3101 c.
946 3046 1043 3101 rGelc
1064 3047 1092 3099 et

70 3115 174 3170 tntum
197 3133 220 3170 e.
241 3132 265 3171 c.
285 3117 301 3171 b
320 3118 380 3186 (ebe'
401 3120 442 3173 sa'e
469 3121 579 3173 coctum
602 3135 665 3172 cum
689 3135 742 3173 cer.
769 3118 898 3172 similiter
920 3118 1001 3170 curet
1028 3132 1091 3170 con·

70 3187 174 3240 tritum
193 3188 241 3256 Β).
321 3192 354 3241 14
368 3195 433 3257 post
451 3190 531 3243 curet
549 3191 642 3244 aliene
660 3190 724 3244 add.
745 3191 760 3243 b
775 3193 837 3259 (per
854 3208 878 3244 c.
899 3191 939 3255 ol:
963 3187 1000 3240 Et
1018 3203 1093 3254 aqua

69 3257 123 3311 ubi
143 3259 279 3313 decoctae
297 3259 364 3312 sunt
381 3275 469 3329 rappe
480 3303 485 3314 .
498 3303 521 3316 ..
596 3266 628 3313 16
646 3260 680 3329 i(l
694 3259 816 3328 munna
830 3261 889 3315 rB:
908 3257 992 3312 linita
1010 3258 1092 3313 bGel.

70 3331 207 3398 percuret
225 3329 255 3383 Β
265 3329 339 3385 eez.=
357 3332 463 3404 peurel
481 3332 525 3386 rb.
609 3337 641 3386 18
661 3330 813 3385 contritum
831 3329 1012 3383 commintum
1030 3344 1094 3381 oum

70 3399 141 3454 vino
159 3399 292 3455 medetur
309 3401 335 3455 b.
393 3407 425 3454 19
439 3400 531 3471 glauli
547 3420 570 3470 r,
590 3402 661 3455 lculi
679 3405 737 3472 (sic)
752 3402 788 3470 Β,
808 3401 882 3454 cauli
896 3402 924 3456 b:
945 3399 1019 3455 clevi
1034 3400 1093 3455 Get.

70 3475 108 3525 20
126 3488 182 3539 pur
241 3470 280 3525 de
299 3473 373 3526 sunt.
393 3474 422 3526 et
440 3472 773 3527 melantium-similiter
790 3473 871 3527 er:
891 3489 940 3527 oon.
962 3472 1019 3528 eet.
1034 3472 1095 3540 (eet

70 3558 185 3611 purger
205 3559 223 3596 o
243 3541 396 3596 adhibetur
414 3546 443 3596 et
461 3560 572 3612 myseos
590 3551 638 3600 etc.
657 3562 719 3601 coro
737 3545 856 3613 laeena).
