2392 3922
166 782 469 854 Additamento
496 785 653 855 codicis
682 787 973 858 Barberiniani

308 929 343 970 ex
357 915 566 972 Pseudo-Plinio
585 918 825 988 (Pseudo-Paulo).

59 1021 142 1089 eal,
156 1026 194 1076 13
205 1024 265 1090 (43)
283 1021 329 1076 De
343 1021 476 1075 narium
494 1023 622 1077 morbis
640 1025 760 1079 solnsr
776 1025 855 1080 tabet
867 1026 932 1080 daec
947 1029 1014 1091 (non
1028 1029 1075 1096 bc)

361 1104 436 1172 <post
454 1102 581 1172 superius
599 1103 771 1173 memoravi).

131 1199 206 1253 Item
220 1199 260 1254 de
275 1199 389 1254 domni
400 1199 568 1254 Gaudiosi
583 1200 623 1254 de
638 1201 790 1271 expertis
805 1202 842 1255 ad
856 1201 951 1257 ulcera
963 1203 1075 1258 narium
1102 1222 1115 1262 ι

59 1280 88 1332 et
103 1278 236 1332 omnibus
250 1279 415 1334 vulneribus
428 1279 637 1336 vetustissimis.
658 1280 857 1336 aristolochiae
873 1282 898 1337 d.
913 1282 1075 1353 LXXXIIIL

59 1375 141 1414 cerae
155 1359 183 1414 d.
191 1359 252 1428 XX,
266 1376 388 1415 mannae
402 1360 474 1415 turis
488 1359 515 1415 d.
530 1360 563 1429 X,
578 1359 788 1415 terebinthinae
802 1360 829 1414 d.
844 1360 915 1431 LIH,
934 1362 964 1416 iu
978 1362 1004 1419 d.
1014 1363 1076 1434 VH,

59 1438 116 1493 olei
134 1438 249 1508 veteris,
269 1440 296 1494 d.
311 1439 366 1496 LX.
387 1440 463 1495 sicca
480 1439 600 1494 umectis
614 1439 723 1509 misces,
743 1443 773 1495 et
790 1440 878 1495 uteris
896 1441 927 1495 in
946 1443 1076 1497 omnibus

57 1517 211 1574 ulceribus.

355 1601 427 1654 Item
445 1601 487 1655 ad
505 1599 650 1654 fetorem
668 1598 808 1654 narium.
1089 1620 1116 1659 10

131 1677 249 1732 (tostum
265 1677 297 1731 in
313 1678 459 1749 pulverem
477 1679 624 1734 redactum
637 1678 728 1733 mittis
748 1682 798 1733 aut
816 1681 891 1733 certe
911 1696 974 1732 cum
991 1679 1075 1734 melle

59 1759 181 1813 mixtum
198 1775 294 1829 penna
311 1759 430 1815 inducis.
449 1760 519 1813 item
542 1759 635 1813 carica
654 1758 825 1813 contritam
844 1758 902 1812 olla
919 1775 993 1813 nova
1012 1775 1075 1812 cum

131 1914 148 1962 5
169 1909 205 1963 de
220 1908 287 1963 doni
301 1909 433 1978 gaudiosi
448 1909 483 1963 de
497 1909 620 1980 expertis
632 1911 694 1978 (sie)
704 1928 727 1965 r.
747 1911 909 1964 haeceine
923 1911 1075 1964 auctoris

59 1982 191 2035 nomine
214 1987 311 2035 extant
332 1981 438 2035 iidroI
451 1983 524 2035 e24
547 1982 738 2036 Medicinae
765 1981 878 2034 Plinii
905 1997 973 2049 qaae
1000 1980 1075 2034 edita

59 2059 95 2106 eet
113 2051 222 2106 Ranae
240 2055 313 2106 1509
333 2053 459 2122 (repetita
477 2052 622 2106 Bononiae
641 2055 714 2104 1516
729 2067 780 2120 per
797 2051 912 2105 Hieron.
936 2051 969 2104 de
987 2050 1074 2104 Bene·

60 2123 141 2178 dietis
154 2153 193 2162 —
205 2128 239 2176 nt
256 2124 329 2177 addo
347 2124 386 2177 eis
404 2140 472 2191 qaae
486 2123 548 2176 dixi
561 2122 675 2176 Hermes
689 2121 772 2187 VIII,
783 2125 832 2175 60.-
850 2123 929 2176 cnins
946 2122 1075 2175 editionis

59 2194 212 2263 exemplam
220 2200 292 2247 tenet
302 2194 463 2247 bibliotheca
479 2193 659 2247 Taininensis
668 2224 703 2232 —
712 2199 843 2260 eorrapta
851 2199 943 2246 antem
952 2199 977 2245 et
990 2193 1073 2246 inter·

57 2266 154 2333 potata
172 2263 412 2331 Bassi.1528)=
423 2264 455 2317 P.
474 2265 574 2318 ibidem
592 2270 682 2319 antem
696 2265 785 2317 eodeni
798 2263 853 2330 fere
871 2269 962 2318 tenere
980 2268 1075 2317 extant

59 2338 141 2390 etiam
159 2351 230 2404 qnae
247 2342 398 2405 seqnentna
411 2337 512 2401 omnia,
531 2336 573 2389 ita
590 2341 622 2389 nt
640 2336 712 2404 qaod
729 2352 767 2389 ea
786 2335 872 2388 libro
888 2334 1024 2388 Gandiosi
1038 2335 1075 2388 de

60 2407 211 2476 expertia
229 2412 367 2476 snnnptam
391 2406 476 2473 fnisse
491 2406 678 2474 paeniteatne,
697 2407 735 2460 ad
747 2407 812 2459 haec
830 2406 924 2460 omnia
938 2406 1074 2474 pertinere

59 2477 205 2532 oensa‘mile
227 2478 270 2531 sit.
301 2476 459 2531 Gandiosns
477 2483 568 2531 antem
589 2478 645 2530 siae
667 2477 855 2531 medicaminis
869 2477 962 2531 'soiins
978 2482 1075 2532 aneton

60 2551 131 2618 qnod
150 2549 279 2618 prosim
300 2549 429 2602 sndditna
449 2549 505 2602 siae
527 2549 610 2602 totins
633 2564 667 2602 ea
685 2547 830 2602 Medicina
848 2548 941 2602 Plinii
962 2552 1007 2614 (sc.
1028 2548 1074 2602 Pa

59 2621 152 2674 Plinii
165 2619 213 2687 ID
233 2620 350 2688 capitali
372 2620 473 2673 adiecti
494 2620 566 2672 idem
587 2620 640 2673 erit
662 2620 804 2688 epiecopus
820 2620 867 2673 iiie
886 2621 1076 2674 animatam

60 2698 87 2745 et
104 2705 283 2759 corporata
297 2690 571 2758 promptissimas
587 2691 732 2745 medieas
751 2706 827 2759 paene
841 2690 939 2744 landet
952 2691 1074 2758 aniciae

59 2762 165 2816 tonnas
182 2767 222 2815 est
240 2767 336 2815 aanor
354 2775 507 2830 anenpnns
518 2763 597 2828 (saec.
609 2760 698 2831 VJVD
714 2762 910 2830 disputationis
922 2760 1075 2829 Aapnnini

59 2840 81 2887 et
104 2832 275 2902 Hieronymi
303 2833 335 2886 de
362 2832 468 2901 oripine
499 2834 609 2886 anianae
633 2831 745 2902 (Mipne
762 2836 812 2898 30,
829 2833 907 2898 272).
933 2833 1075 2898 episcopas

60 2911 149 2958 annin
167 2918 212 2956 ne.
234 2902 320 2955 XHI
338 2902 456 2969 refertar
475 2901 634 2956 Gandiosns
651 2903 683 2955 in
706 2905 788 2956 renai
810 2901 928 2970 qnoniam
950 2900 1073 2954 cataioo

59 2977 246 3043 episeoporwn
268 2974 503 3028 Briaiensiane
530 2971 721 3042 (Cappeiletti
746 2970 837 3025 Cisiese
859 2972 888 3025 d’
910 2971 998 3024 Italia
1064 3009 1073 3035 ,

60 3051 118 3100 546.
139 3046 175 3112 ef.
197 3047 280 3112 560),
298 3044 418 3099 decessor
431 3045 488 3098 scil.
509 3044 662 3112 Optatiani,
680 3045 759 3096 enias
776 3057 874 3095 ιιοιιιιιι
891 3042 1074 3108 subscriptam

59 3121 196 3185 comparet
212 3117 245 3169 in
264 3117 333 3170 actis
351 3116 490 3185 synodicis
508 3116 578 3169 ainai
590 3116 643 3167 451
660 3113 713 3179 (Μ.
729 3115 773 3178 54,
787 3115 864 3180 950).
937 3117 953 3164 6
972 3109 1074 3163 aristo-

60 3185 133 3269 logie
145 3231 150 3241 .
163 3230 169 3241 .
181 3229 187 3240 .
199 3184 270 3240 Ocra
283 3203 299 3240 n
312 3187 362 3255 (ar.
381 3187 460 3240 tabet
477 3184 554 3237 XXX
573 3184 617 3238 Ps.
638 3183 713 3237 Piin.
730 3186 783 3305 gni
800 3183 898 3236 deinde
915 3183 995 3235 addit
1012 3179 1074 3249 gal·

60 3257 126 3311 bam
144 3256 243 3326 XXII).
336 3261 351 3309 7
369 3255 545 3327 terebentine
564 3273 586 3310 ι.
672 3252 710 3307 iu.
751 3297 755 3307 .
775 3252 835 3307 VII.
854 3270 882 3307 r:
900 3268 944 3320 yo.
959 3250 1018 3305 VII.
1039 3251 1072 3304 P.

61 3333 75 3380 8
91 3327 234 3383 humectis
252 3325 349 3380 miscis
367 3345 389 3381 r.
464 3333 497 3380 10
515 3326 587 3380 Item
598 3369 603 3380 .
616 3369 621 3380 .
634 3368 639 3379 .
650 3327 715 3379 haee
732 3326 806 3379 eaor.
826 3341 877 3378 ser.
896 3326 928 3377 in
945 3341 967 3377 r.
992 3324 1074 3377 etiam

60 3403 199 3469 sequentia
216 3399 311 3454 annia
328 3399 368 3452 eie
386 3404 482 3452 extant
499 3400 531 3452 in
544 3398 621 3453 Med.
637 3397 731 3450 Plinii
749 3395 795 3450 iit.
815 3395 836 3447 I
850 3412 871 3449 e.
886 3397 923 3450 25
942 3396 982 3450 ed.
994 3394 1073 3450 Rom.

62 3474 104 3537 (ε
123 3473 181 3527 cod.
200 3470 349 3540 Bamberp.
368 3468 491 3535 fi137b).

866 3556 921 3612 aa*
